%YAML 1.1
%TAG !u! tag:unity3d.com,2011:
--- !u!1 &429843643081852463
GameObject:
  m_ObjectHideFlags: 0
  m_CorrespondingSourceObject: {fileID: 0}
  m_PrefabInstance: {fileID: 0}
  m_PrefabAsset: {fileID: 0}
  serializedVersion: 6
  m_Component:
  - component: {fileID: 429843643081852448}
  m_Layer: 0
  m_Name: Cornersidewalls
  m_TagString: Untagged
  m_Icon: {fileID: 0}
  m_NavMeshLayer: 0
  m_StaticEditorFlags: 0
  m_IsActive: 1
--- !u!4 &429843643081852448
Transform:
  m_ObjectHideFlags: 0
  m_CorrespondingSourceObject: {fileID: 0}
  m_PrefabInstance: {fileID: 0}
  m_PrefabAsset: {fileID: 0}
  m_GameObject: {fileID: 429843643081852463}
  m_LocalRotation: {x: -0, y: -0, z: -0, w: 1}
  m_LocalPosition: {x: 83.9, y: -4.41, z: 69.8}
  m_LocalScale: {x: 0.7, y: 0.7, z: 0.7}
  m_Children:
  - {fileID: 2060876686794653654}
  - {fileID: 2060876685250832696}
  - {fileID: 2060876685961701772}
  - {fileID: 2060876684765471551}
  m_Father: {fileID: 0}
  m_RootOrder: 0
  m_LocalEulerAnglesHint: {x: 0, y: 0, z: 0}
--- !u!1001 &429843642914405808
PrefabInstance:
  m_ObjectHideFlags: 0
  serializedVersion: 2
  m_Modification:
    m_TransformParent: {fileID: 429843643081852448}
    m_Modifications:
    - target: {fileID: 171972788, guid: 21e2250b9905981409c74c653af38a0e, type: 3}
      propertyPath: m_IsActive
      value: 0
      objectReference: {fileID: 0}
    - target: {fileID: 1832587819056890470, guid: 21e2250b9905981409c74c653af38a0e,
        type: 3}
      propertyPath: m_LocalPosition.x
      value: 0.85
      objectReference: {fileID: 0}
    - target: {fileID: 1832587819056890470, guid: 21e2250b9905981409c74c653af38a0e,
        type: 3}
      propertyPath: m_LocalPosition.y
      value: 0
      objectReference: {fileID: 0}
    - target: {fileID: 1832587819056890470, guid: 21e2250b9905981409c74c653af38a0e,
        type: 3}
      propertyPath: m_LocalPosition.z
      value: 3.78
      objectReference: {fileID: 0}
    - target: {fileID: 1832587819056890470, guid: 21e2250b9905981409c74c653af38a0e,
        type: 3}
      propertyPath: m_LocalRotation.x
      value: -0
      objectReference: {fileID: 0}
    - target: {fileID: 1832587819056890470, guid: 21e2250b9905981409c74c653af38a0e,
        type: 3}
      propertyPath: m_LocalRotation.y
      value: -0
      objectReference: {fileID: 0}
    - target: {fileID: 1832587819056890470, guid: 21e2250b9905981409c74c653af38a0e,
        type: 3}
      propertyPath: m_LocalRotation.z
      value: -0
      objectReference: {fileID: 0}
    - target: {fileID: 1832587819056890470, guid: 21e2250b9905981409c74c653af38a0e,
        type: 3}
      propertyPath: m_LocalRotation.w
      value: 1
      objectReference: {fileID: 0}
    - target: {fileID: 1832587819056890470, guid: 21e2250b9905981409c74c653af38a0e,
        type: 3}
      propertyPath: m_RootOrder
      value: 0
      objectReference: {fileID: 0}
    - target: {fileID: 1832587819056890470, guid: 21e2250b9905981409c74c653af38a0e,
        type: 3}
      propertyPath: m_LocalEulerAnglesHint.x
      value: 0
      objectReference: {fileID: 0}
    - target: {fileID: 1832587819056890470, guid: 21e2250b9905981409c74c653af38a0e,
        type: 3}
      propertyPath: m_LocalEulerAnglesHint.y
      value: 0
      objectReference: {fileID: 0}
    - target: {fileID: 1832587819056890470, guid: 21e2250b9905981409c74c653af38a0e,
        type: 3}
      propertyPath: m_LocalEulerAnglesHint.z
      value: 0
      objectReference: {fileID: 0}
    - target: {fileID: 1832587819056890470, guid: 21e2250b9905981409c74c653af38a0e,
        type: 3}
      propertyPath: m_LocalScale.x
      value: 1
      objectReference: {fileID: 0}
    - target: {fileID: 1832587819056890470, guid: 21e2250b9905981409c74c653af38a0e,
        type: 3}
      propertyPath: m_LocalScale.y
      value: 1
      objectReference: {fileID: 0}
    - target: {fileID: 1832587819056890470, guid: 21e2250b9905981409c74c653af38a0e,
        type: 3}
      propertyPath: m_LocalScale.z
      value: 1
      objectReference: {fileID: 0}
    - target: {fileID: 1871379083320132961, guid: 21e2250b9905981409c74c653af38a0e,
        type: 3}
      propertyPath: m_LocalRotation.x
      value: -0
      objectReference: {fileID: 0}
    - target: {fileID: 1871379083320132961, guid: 21e2250b9905981409c74c653af38a0e,
        type: 3}
      propertyPath: m_LocalRotation.y
      value: 0.5797671
      objectReference: {fileID: 0}
    - target: {fileID: 1871379083320132961, guid: 21e2250b9905981409c74c653af38a0e,
        type: 3}
      propertyPath: m_LocalRotation.w
      value: 0.8147822
      objectReference: {fileID: 0}
    - target: {fileID: 1871379083320132961, guid: 21e2250b9905981409c74c653af38a0e,
        type: 3}
      propertyPath: m_LocalPosition.x
      value: -1.14
      objectReference: {fileID: 0}
    - target: {fileID: 1871379083320132961, guid: 21e2250b9905981409c74c653af38a0e,
        type: 3}
      propertyPath: m_LocalPosition.z
      value: -1.65
      objectReference: {fileID: 0}
    - target: {fileID: 1871379083320132961, guid: 21e2250b9905981409c74c653af38a0e,
        type: 3}
      propertyPath: m_LocalEulerAnglesHint.y
      value: 70.868004
      objectReference: {fileID: 0}
    - target: {fileID: 6001434814562885551, guid: 21e2250b9905981409c74c653af38a0e,
        type: 3}
      propertyPath: m_LocalRotation.x
      value: -0
      objectReference: {fileID: 0}
    - target: {fileID: 6001434814562885551, guid: 21e2250b9905981409c74c653af38a0e,
        type: 3}
      propertyPath: m_LocalRotation.y
      value: -0.12962425
      objectReference: {fileID: 0}
    - target: {fileID: 6001434814562885551, guid: 21e2250b9905981409c74c653af38a0e,
        type: 3}
      propertyPath: m_LocalRotation.w
      value: 0.9915632
      objectReference: {fileID: 0}
    - target: {fileID: 6001434814562885551, guid: 21e2250b9905981409c74c653af38a0e,
        type: 3}
      propertyPath: m_LocalEulerAnglesHint.y
      value: -14.896001
      objectReference: {fileID: 0}
    - target: {fileID: 8132115270701885127, guid: 21e2250b9905981409c74c653af38a0e,
        type: 3}
      propertyPath: m_Name
      value: SideWall (8)
      objectReference: {fileID: 0}
    m_RemovedComponents: []
  m_SourcePrefab: {fileID: 100100000, guid: 21e2250b9905981409c74c653af38a0e, type: 3}
--- !u!4 &2060876686794653654 stripped
Transform:
  m_CorrespondingSourceObject: {fileID: 1832587819056890470, guid: 21e2250b9905981409c74c653af38a0e,
    type: 3}
  m_PrefabInstance: {fileID: 429843642914405808}
  m_PrefabAsset: {fileID: 0}
--- !u!1001 &429843643742399466
PrefabInstance:
  m_ObjectHideFlags: 0
  serializedVersion: 2
  m_Modification:
    m_TransformParent: {fileID: 429843643081852448}
    m_Modifications:
    - target: {fileID: 171972788, guid: 21e2250b9905981409c74c653af38a0e, type: 3}
      propertyPath: m_IsActive
      value: 1
      objectReference: {fileID: 0}
    - target: {fileID: 171972789, guid: 21e2250b9905981409c74c653af38a0e, type: 3}
      propertyPath: m_RootOrder
      value: 2
      objectReference: {fileID: 0}
    - target: {fileID: 171972789, guid: 21e2250b9905981409c74c653af38a0e, type: 3}
      propertyPath: m_LocalPosition.x
      value: -0.43
      objectReference: {fileID: 0}
    - target: {fileID: 171972789, guid: 21e2250b9905981409c74c653af38a0e, type: 3}
      propertyPath: m_LocalPosition.z
      value: -3.046
      objectReference: {fileID: 0}
    - target: {fileID: 171972789, guid: 21e2250b9905981409c74c653af38a0e, type: 3}
      propertyPath: m_LocalRotation.x
      value: -0
      objectReference: {fileID: 0}
    - target: {fileID: 171972789, guid: 21e2250b9905981409c74c653af38a0e, type: 3}
      propertyPath: m_LocalRotation.y
      value: -0.25881863
      objectReference: {fileID: 0}
    - target: {fileID: 171972789, guid: 21e2250b9905981409c74c653af38a0e, type: 3}
      propertyPath: m_LocalRotation.w
      value: 0.96592593
      objectReference: {fileID: 0}
    - target: {fileID: 171972789, guid: 21e2250b9905981409c74c653af38a0e, type: 3}
      propertyPath: m_LocalEulerAnglesHint.y
      value: -30.000002
      objectReference: {fileID: 0}
    - target: {fileID: 1832587819056890470, guid: 21e2250b9905981409c74c653af38a0e,
        type: 3}
      propertyPath: m_LocalPosition.x
      value: 4.68
      objectReference: {fileID: 0}
    - target: {fileID: 1832587819056890470, guid: 21e2250b9905981409c74c653af38a0e,
        type: 3}
      propertyPath: m_LocalPosition.y
      value: 0
      objectReference: {fileID: 0}
    - target: {fileID: 1832587819056890470, guid: 21e2250b9905981409c74c653af38a0e,
        type: 3}
      propertyPath: m_LocalPosition.z
      value: -4.22
      objectReference: {fileID: 0}
    - target: {fileID: 1832587819056890470, guid: 21e2250b9905981409c74c653af38a0e,
        type: 3}
      propertyPath: m_LocalRotation.x
      value: -0
      objectReference: {fileID: 0}
    - target: {fileID: 1832587819056890470, guid: 21e2250b9905981409c74c653af38a0e,
        type: 3}
      propertyPath: m_LocalRotation.y
      value: -0.1237796
      objectReference: {fileID: 0}
    - target: {fileID: 1832587819056890470, guid: 21e2250b9905981409c74c653af38a0e,
        type: 3}
      propertyPath: m_LocalRotation.z
      value: -0
      objectReference: {fileID: 0}
    - target: {fileID: 1832587819056890470, guid: 21e2250b9905981409c74c653af38a0e,
        type: 3}
      propertyPath: m_LocalRotation.w
      value: 0.99230975
      objectReference: {fileID: 0}
    - target: {fileID: 1832587819056890470, guid: 21e2250b9905981409c74c653af38a0e,
        type: 3}
      propertyPath: m_RootOrder
      value: 2
      objectReference: {fileID: 0}
    - target: {fileID: 1832587819056890470, guid: 21e2250b9905981409c74c653af38a0e,
        type: 3}
      propertyPath: m_LocalEulerAnglesHint.x
      value: 0
      objectReference: {fileID: 0}
    - target: {fileID: 1832587819056890470, guid: 21e2250b9905981409c74c653af38a0e,
        type: 3}
      propertyPath: m_LocalEulerAnglesHint.y
      value: -14.221001
      objectReference: {fileID: 0}
    - target: {fileID: 1832587819056890470, guid: 21e2250b9905981409c74c653af38a0e,
        type: 3}
      propertyPath: m_LocalEulerAnglesHint.z
      value: 0
      objectReference: {fileID: 0}
    - target: {fileID: 1832587819056890470, guid: 21e2250b9905981409c74c653af38a0e,
        type: 3}
      propertyPath: m_LocalScale.x
      value: 1
      objectReference: {fileID: 0}
    - target: {fileID: 1832587819056890470, guid: 21e2250b9905981409c74c653af38a0e,
        type: 3}
      propertyPath: m_LocalScale.y
      value: 1
      objectReference: {fileID: 0}
    - target: {fileID: 1832587819056890470, guid: 21e2250b9905981409c74c653af38a0e,
        type: 3}
      propertyPath: m_LocalScale.z
      value: 1
      objectReference: {fileID: 0}
    - target: {fileID: 1871379083320132961, guid: 21e2250b9905981409c74c653af38a0e,
        type: 3}
      propertyPath: m_LocalRotation.x
      value: -0
      objectReference: {fileID: 0}
    - target: {fileID: 1871379083320132961, guid: 21e2250b9905981409c74c653af38a0e,
        type: 3}
      propertyPath: m_LocalRotation.y
      value: 0.5437532
      objectReference: {fileID: 0}
    - target: {fileID: 1871379083320132961, guid: 21e2250b9905981409c74c653af38a0e,
        type: 3}
      propertyPath: m_LocalRotation.w
      value: 0.83924514
      objectReference: {fileID: 0}
    - target: {fileID: 1871379083320132961, guid: 21e2250b9905981409c74c653af38a0e,
        type: 3}
      propertyPath: m_LocalPosition.x
      value: -1.07
      objectReference: {fileID: 0}
    - target: {fileID: 1871379083320132961, guid: 21e2250b9905981409c74c653af38a0e,
        type: 3}
      propertyPath: m_LocalPosition.z
      value: -1.62
      objectReference: {fileID: 0}
    - target: {fileID: 1871379083320132961, guid: 21e2250b9905981409c74c653af38a0e,
        type: 3}
      propertyPath: m_LocalEulerAnglesHint.y
      value: 65.879005
      objectReference: {fileID: 0}
    - target: {fileID: 6001434814562885551, guid: 21e2250b9905981409c74c653af38a0e,
        type: 3}
      propertyPath: m_LocalRotation.x
      value: -0
      objectReference: {fileID: 0}
    - target: {fileID: 6001434814562885551, guid: 21e2250b9905981409c74c653af38a0e,
        type: 3}
      propertyPath: m_LocalRotation.y
      value: -0.12962425
      objectReference: {fileID: 0}
    - target: {fileID: 6001434814562885551, guid: 21e2250b9905981409c74c653af38a0e,
        type: 3}
      propertyPath: m_LocalRotation.w
      value: 0.9915632
      objectReference: {fileID: 0}
    - target: {fileID: 6001434814562885551, guid: 21e2250b9905981409c74c653af38a0e,
        type: 3}
      propertyPath: m_LocalEulerAnglesHint.y
      value: -14.896001
      objectReference: {fileID: 0}
    - target: {fileID: 8132115270701885127, guid: 21e2250b9905981409c74c653af38a0e,
        type: 3}
      propertyPath: m_Name
      value: SideWall (11)
      objectReference: {fileID: 0}
    m_RemovedComponents: []
  m_SourcePrefab: {fileID: 100100000, guid: 21e2250b9905981409c74c653af38a0e, type: 3}
--- !u!4 &2060876685961701772 stripped
Transform:
  m_CorrespondingSourceObject: {fileID: 1832587819056890470, guid: 21e2250b9905981409c74c653af38a0e,
    type: 3}
  m_PrefabInstance: {fileID: 429843643742399466}
  m_PrefabAsset: {fileID: 0}
--- !u!1001 &429843644457593694
PrefabInstance:
  m_ObjectHideFlags: 0
  serializedVersion: 2
  m_Modification:
    m_TransformParent: {fileID: 429843643081852448}
    m_Modifications:
    - target: {fileID: 171972788, guid: 21e2250b9905981409c74c653af38a0e, type: 3}
      propertyPath: m_IsActive
      value: 0
      objectReference: {fileID: 0}
    - target: {fileID: 1832587819056890470, guid: 21e2250b9905981409c74c653af38a0e,
        type: 3}
      propertyPath: m_LocalPosition.x
      value: 1.98
      objectReference: {fileID: 0}
    - target: {fileID: 1832587819056890470, guid: 21e2250b9905981409c74c653af38a0e,
        type: 3}
      propertyPath: m_LocalPosition.y
      value: 0
      objectReference: {fileID: 0}
    - target: {fileID: 1832587819056890470, guid: 21e2250b9905981409c74c653af38a0e,
        type: 3}
      propertyPath: m_LocalPosition.z
      value: 0.72
      objectReference: {fileID: 0}
    - target: {fileID: 1832587819056890470, guid: 21e2250b9905981409c74c653af38a0e,
        type: 3}
      propertyPath: m_LocalRotation.x
      value: -0
      objectReference: {fileID: 0}
    - target: {fileID: 1832587819056890470, guid: 21e2250b9905981409c74c653af38a0e,
        type: 3}
      propertyPath: m_LocalRotation.y
      value: -0
      objectReference: {fileID: 0}
    - target: {fileID: 1832587819056890470, guid: 21e2250b9905981409c74c653af38a0e,
        type: 3}
      propertyPath: m_LocalRotation.z
      value: -0
      objectReference: {fileID: 0}
    - target: {fileID: 1832587819056890470, guid: 21e2250b9905981409c74c653af38a0e,
        type: 3}
      propertyPath: m_LocalRotation.w
      value: 1
      objectReference: {fileID: 0}
    - target: {fileID: 1832587819056890470, guid: 21e2250b9905981409c74c653af38a0e,
        type: 3}
      propertyPath: m_RootOrder
      value: 1
      objectReference: {fileID: 0}
    - target: {fileID: 1832587819056890470, guid: 21e2250b9905981409c74c653af38a0e,
        type: 3}
      propertyPath: m_LocalEulerAnglesHint.x
      value: 0
      objectReference: {fileID: 0}
    - target: {fileID: 1832587819056890470, guid: 21e2250b9905981409c74c653af38a0e,
        type: 3}
      propertyPath: m_LocalEulerAnglesHint.y
      value: 0
      objectReference: {fileID: 0}
    - target: {fileID: 1832587819056890470, guid: 21e2250b9905981409c74c653af38a0e,
        type: 3}
      propertyPath: m_LocalEulerAnglesHint.z
      value: 0
      objectReference: {fileID: 0}
    - target: {fileID: 1832587819056890470, guid: 21e2250b9905981409c74c653af38a0e,
        type: 3}
      propertyPath: m_LocalScale.x
      value: 1
      objectReference: {fileID: 0}
    - target: {fileID: 1832587819056890470, guid: 21e2250b9905981409c74c653af38a0e,
        type: 3}
      propertyPath: m_LocalScale.y
      value: 1
      objectReference: {fileID: 0}
    - target: {fileID: 1832587819056890470, guid: 21e2250b9905981409c74c653af38a0e,
        type: 3}
      propertyPath: m_LocalScale.z
      value: 1
      objectReference: {fileID: 0}
    - target: {fileID: 1871379083320132961, guid: 21e2250b9905981409c74c653af38a0e,
        type: 3}
      propertyPath: m_LocalRotation.x
      value: -0
      objectReference: {fileID: 0}
    - target: {fileID: 1871379083320132961, guid: 21e2250b9905981409c74c653af38a0e,
        type: 3}
      propertyPath: m_LocalRotation.y
      value: 0.5437532
      objectReference: {fileID: 0}
    - target: {fileID: 1871379083320132961, guid: 21e2250b9905981409c74c653af38a0e,
        type: 3}
      propertyPath: m_LocalRotation.w
      value: 0.83924514
      objectReference: {fileID: 0}
    - target: {fileID: 1871379083320132961, guid: 21e2250b9905981409c74c653af38a0e,
        type: 3}
      propertyPath: m_LocalPosition.x
      value: -1.18
      objectReference: {fileID: 0}
    - target: {fileID: 1871379083320132961, guid: 21e2250b9905981409c74c653af38a0e,
        type: 3}
      propertyPath: m_LocalPosition.z
      value: -1.33
      objectReference: {fileID: 0}
    - target: {fileID: 1871379083320132961, guid: 21e2250b9905981409c74c653af38a0e,
        type: 3}
      propertyPath: m_LocalEulerAnglesHint.y
      value: 65.879005
      objectReference: {fileID: 0}
    - target: {fileID: 6001434814562885551, guid: 21e2250b9905981409c74c653af38a0e,
        type: 3}
      propertyPath: m_LocalRotation.x
      value: -0
      objectReference: {fileID: 0}
    - target: {fileID: 6001434814562885551, guid: 21e2250b9905981409c74c653af38a0e,
        type: 3}
      propertyPath: m_LocalRotation.y
      value: -0.12962425
      objectReference: {fileID: 0}
    - target: {fileID: 6001434814562885551, guid: 21e2250b9905981409c74c653af38a0e,
        type: 3}
      propertyPath: m_LocalRotation.w
      value: 0.9915632
      objectReference: {fileID: 0}
    - target: {fileID: 6001434814562885551, guid: 21e2250b9905981409c74c653af38a0e,
        type: 3}
      propertyPath: m_LocalEulerAnglesHint.y
      value: -14.896001
      objectReference: {fileID: 0}
    - target: {fileID: 8132115270701885127, guid: 21e2250b9905981409c74c653af38a0e,
        type: 3}
      propertyPath: m_Name
      value: SideWall (9)
      objectReference: {fileID: 0}
    m_RemovedComponents: []
  m_SourcePrefab: {fileID: 100100000, guid: 21e2250b9905981409c74c653af38a0e, type: 3}
--- !u!4 &2060876685250832696 stripped
Transform:
  m_CorrespondingSourceObject: {fileID: 1832587819056890470, guid: 21e2250b9905981409c74c653af38a0e,
    type: 3}
  m_PrefabInstance: {fileID: 429843644457593694}
  m_PrefabAsset: {fileID: 0}
--- !u!1001 &429843644708331865
PrefabInstance:
  m_ObjectHideFlags: 0
  serializedVersion: 2
  m_Modification:
    m_TransformParent: {fileID: 429843643081852448}
    m_Modifications:
    - target: {fileID: 171972788, guid: 21e2250b9905981409c74c653af38a0e, type: 3}
      propertyPath: m_IsActive
      value: 0
      objectReference: {fileID: 0}
    - target: {fileID: 1832587819056890470, guid: 21e2250b9905981409c74c653af38a0e,
        type: 3}
      propertyPath: m_LocalPosition.x
      value: 3.06
      objectReference: {fileID: 0}
    - target: {fileID: 1832587819056890470, guid: 21e2250b9905981409c74c653af38a0e,
        type: 3}
      propertyPath: m_LocalPosition.y
      value: 0
      objectReference: {fileID: 0}
    - target: {fileID: 1832587819056890470, guid: 21e2250b9905981409c74c653af38a0e,
        type: 3}
      propertyPath: m_LocalPosition.z
      value: -1.5
      objectReference: {fileID: 0}
    - target: {fileID: 1832587819056890470, guid: 21e2250b9905981409c74c653af38a0e,
        type: 3}
      propertyPath: m_LocalRotation.x
      value: -0
      objectReference: {fileID: 0}
    - target: {fileID: 1832587819056890470, guid: 21e2250b9905981409c74c653af38a0e,
        type: 3}
      propertyPath: m_LocalRotation.y
      value: -0.1237796
      objectReference: {fileID: 0}
    - target: {fileID: 1832587819056890470, guid: 21e2250b9905981409c74c653af38a0e,
        type: 3}
      propertyPath: m_LocalRotation.z
      value: -0
      objectReference: {fileID: 0}
    - target: {fileID: 1832587819056890470, guid: 21e2250b9905981409c74c653af38a0e,
        type: 3}
      propertyPath: m_LocalRotation.w
      value: 0.99230975
      objectReference: {fileID: 0}
    - target: {fileID: 1832587819056890470, guid: 21e2250b9905981409c74c653af38a0e,
        type: 3}
      propertyPath: m_RootOrder
      value: 3
      objectReference: {fileID: 0}
    - target: {fileID: 1832587819056890470, guid: 21e2250b9905981409c74c653af38a0e,
        type: 3}
      propertyPath: m_LocalEulerAnglesHint.x
      value: 0
      objectReference: {fileID: 0}
    - target: {fileID: 1832587819056890470, guid: 21e2250b9905981409c74c653af38a0e,
        type: 3}
      propertyPath: m_LocalEulerAnglesHint.y
      value: -14.221001
      objectReference: {fileID: 0}
    - target: {fileID: 1832587819056890470, guid: 21e2250b9905981409c74c653af38a0e,
        type: 3}
      propertyPath: m_LocalEulerAnglesHint.z
      value: 0
      objectReference: {fileID: 0}
    - target: {fileID: 1832587819056890470, guid: 21e2250b9905981409c74c653af38a0e,
        type: 3}
      propertyPath: m_LocalScale.x
      value: 1
      objectReference: {fileID: 0}
    - target: {fileID: 1832587819056890470, guid: 21e2250b9905981409c74c653af38a0e,
        type: 3}
      propertyPath: m_LocalScale.y
      value: 1
      objectReference: {fileID: 0}
    - target: {fileID: 1832587819056890470, guid: 21e2250b9905981409c74c653af38a0e,
        type: 3}
      propertyPath: m_LocalScale.z
      value: 1
      objectReference: {fileID: 0}
    - target: {fileID: 1871379083320132961, guid: 21e2250b9905981409c74c653af38a0e,
        type: 3}
      propertyPath: m_LocalRotation.x
      value: -0
      objectReference: {fileID: 0}
    - target: {fileID: 1871379083320132961, guid: 21e2250b9905981409c74c653af38a0e,
        type: 3}
      propertyPath: m_LocalRotation.y
      value: 0.5946288
      objectReference: {fileID: 0}
    - target: {fileID: 1871379083320132961, guid: 21e2250b9905981409c74c653af38a0e,
        type: 3}
      propertyPath: m_LocalRotation.w
      value: 0.80400044
      objectReference: {fileID: 0}
    - target: {fileID: 1871379083320132961, guid: 21e2250b9905981409c74c653af38a0e,
        type: 3}
      propertyPath: m_LocalPosition.x
      value: -1.25
      objectReference: {fileID: 0}
    - target: {fileID: 1871379083320132961, guid: 21e2250b9905981409c74c653af38a0e,
        type: 3}
      propertyPath: m_LocalPosition.z
      value: -1.63
      objectReference: {fileID: 0}
    - target: {fileID: 1871379083320132961, guid: 21e2250b9905981409c74c653af38a0e,
        type: 3}
      propertyPath: m_LocalEulerAnglesHint.y
      value: 72.972
      objectReference: {fileID: 0}
    - target: {fileID: 6001434814562885551, guid: 21e2250b9905981409c74c653af38a0e,
        type: 3}
      propertyPath: m_LocalRotation.x
      value: -0
      objectReference: {fileID: 0}
    - target: {fileID: 6001434814562885551, guid: 21e2250b9905981409c74c653af38a0e,
        type: 3}
      propertyPath: m_LocalRotation.y
      value: -0.12962425
      objectReference: {fileID: 0}
    - target: {fileID: 6001434814562885551, guid: 21e2250b9905981409c74c653af38a0e,
        type: 3}
      propertyPath: m_LocalRotation.w
      value: 0.9915632
      objectReference: {fileID: 0}
    - target: {fileID: 6001434814562885551, guid: 21e2250b9905981409c74c653af38a0e,
        type: 3}
      propertyPath: m_LocalEulerAnglesHint.y
      value: -14.896001
      objectReference: {fileID: 0}
    - target: {fileID: 8132115270701885127, guid: 21e2250b9905981409c74c653af38a0e,
        type: 3}
      propertyPath: m_Name
      value: SideWall (10)
      objectReference: {fileID: 0}
    m_RemovedComponents: []
  m_SourcePrefab: {fileID: 100100000, guid: 21e2250b9905981409c74c653af38a0e, type: 3}
--- !u!4 &2060876684765471551 stripped
Transform:
  m_CorrespondingSourceObject: {fileID: 1832587819056890470, guid: 21e2250b9905981409c74c653af38a0e,
    type: 3}
  m_PrefabInstance: {fileID: 429843644708331865}
  m_PrefabAsset: {fileID: 0}
