%YAML 1.1
%TAG !u! tag:unity3d.com,2011:
--- !u!1 &5884002827428266654
GameObject:
  m_ObjectHideFlags: 0
  m_CorrespondingSourceObject: {fileID: 0}
  m_PrefabInstance: {fileID: 0}
  m_PrefabAsset: {fileID: 0}
  serializedVersion: 6
  m_Component:
  - component: {fileID: 7184092862537512228}
  m_Layer: 0
  m_Name: smallislands
  m_TagString: Untagged
  m_Icon: {fileID: 0}
  m_NavMeshLayer: 0
  m_StaticEditorFlags: 0
  m_IsActive: 1
--- !u!4 &7184092862537512228
Transform:
  m_ObjectHideFlags: 0
  m_CorrespondingSourceObject: {fileID: 0}
  m_PrefabInstance: {fileID: 0}
  m_PrefabAsset: {fileID: 0}
  m_GameObject: {fileID: 5884002827428266654}
  m_LocalRotation: {x: -0.027901607, y: 0.75143725, z: 0.09632318, w: 0.6521391}
  m_LocalPosition: {x: 14.98, y: 56.583862, z: -49.21}
  m_LocalScale: {x: 1.0243877, y: 1.0243871, z: 1.0243876}
  m_Children:
  - {fileID: 8031461483930594233}
  - {fileID: 8031461483141334069}
  - {fileID: 8028677114577740246}
  - {fileID: 8028677114930898752}
  - {fileID: 8028677113963405201}
  - {fileID: 8028677115256127643}
  - {fileID: 8028435584264239857}
  - {fileID: 8031461483493029843}
  - {fileID: 8031461484823097216}
  - {fileID: 8028271308440690495}
  - {fileID: 8028435585810641700}
  - {fileID: 8028435584855209088}
  - {fileID: 8028435584863758879}
  - {fileID: 8031491745108714974}
  - {fileID: 8028677114901823657}
  - {fileID: 8028677115512443021}
  - {fileID: 8028677114131127221}
  - {fileID: 8028677114622465002}
  - {fileID: 8028677114001545275}
  - {fileID: 8028677114075121438}
  - {fileID: 8028677115427509218}
  - {fileID: 8028677115453900712}
  - {fileID: 8031461484168977631}
  - {fileID: 8031461484665702989}
  - {fileID: 8031461483295644371}
  - {fileID: 8031491747091292033}
  - {fileID: 8028677114185554763}
  m_Father: {fileID: 0}
  m_RootOrder: 0
  m_LocalEulerAnglesHint: {x: 0, y: 0, z: 0}
--- !u!1001 &8033205265203562659
PrefabInstance:
  m_ObjectHideFlags: 0
  serializedVersion: 2
  m_Modification:
    m_TransformParent: {fileID: 7184092862537512228}
    m_Modifications:
    - target: {fileID: 1125509595837198, guid: 0b2c5cea499364446aa93aadf508bd4b, type: 3}
      propertyPath: m_StaticEditorFlags
      value: 4294967295
      objectReference: {fileID: 0}
    - target: {fileID: 1811341339133692, guid: 0b2c5cea499364446aa93aadf508bd4b, type: 3}
      propertyPath: m_Name
      value: prefab_polytope_ground_grass (9)
      objectReference: {fileID: 0}
    - target: {fileID: 1811341339133692, guid: 0b2c5cea499364446aa93aadf508bd4b, type: 3}
      propertyPath: m_StaticEditorFlags
      value: 4294967295
      objectReference: {fileID: 0}
    - target: {fileID: 4938562446350236, guid: 0b2c5cea499364446aa93aadf508bd4b, type: 3}
      propertyPath: m_LocalPosition.x
      value: 3.1493022
      objectReference: {fileID: 0}
    - target: {fileID: 4938562446350236, guid: 0b2c5cea499364446aa93aadf508bd4b, type: 3}
      propertyPath: m_LocalPosition.y
      value: -1.5428954
      objectReference: {fileID: 0}
    - target: {fileID: 4938562446350236, guid: 0b2c5cea499364446aa93aadf508bd4b, type: 3}
      propertyPath: m_LocalPosition.z
      value: 5.0046105
      objectReference: {fileID: 0}
    - target: {fileID: 4938562446350236, guid: 0b2c5cea499364446aa93aadf508bd4b, type: 3}
      propertyPath: m_LocalRotation.x
      value: 0.0665575
      objectReference: {fileID: 0}
    - target: {fileID: 4938562446350236, guid: 0b2c5cea499364446aa93aadf508bd4b, type: 3}
      propertyPath: m_LocalRotation.y
      value: -0.14803615
      objectReference: {fileID: 0}
    - target: {fileID: 4938562446350236, guid: 0b2c5cea499364446aa93aadf508bd4b, type: 3}
      propertyPath: m_LocalRotation.z
      value: -0.09651269
      objectReference: {fileID: 0}
    - target: {fileID: 4938562446350236, guid: 0b2c5cea499364446aa93aadf508bd4b, type: 3}
      propertyPath: m_LocalRotation.w
      value: 0.9820085
      objectReference: {fileID: 0}
    - target: {fileID: 4938562446350236, guid: 0b2c5cea499364446aa93aadf508bd4b, type: 3}
      propertyPath: m_RootOrder
      value: 9
      objectReference: {fileID: 0}
    - target: {fileID: 4938562446350236, guid: 0b2c5cea499364446aa93aadf508bd4b, type: 3}
      propertyPath: m_LocalScale.x
      value: 4.6410832
      objectReference: {fileID: 0}
    - target: {fileID: 4938562446350236, guid: 0b2c5cea499364446aa93aadf508bd4b, type: 3}
      propertyPath: m_LocalScale.y
      value: 4.641086
      objectReference: {fileID: 0}
    - target: {fileID: 4938562446350236, guid: 0b2c5cea499364446aa93aadf508bd4b, type: 3}
      propertyPath: m_LocalScale.z
      value: 4.641085
      objectReference: {fileID: 0}
    - target: {fileID: 4938562446350236, guid: 0b2c5cea499364446aa93aadf508bd4b, type: 3}
      propertyPath: m_LocalEulerAnglesHint.x
      value: -2.6430001
      objectReference: {fileID: 0}
    - target: {fileID: 4938562446350236, guid: 0b2c5cea499364446aa93aadf508bd4b, type: 3}
      propertyPath: m_LocalEulerAnglesHint.y
      value: 80.54301
      objectReference: {fileID: 0}
    - target: {fileID: 4938562446350236, guid: 0b2c5cea499364446aa93aadf508bd4b, type: 3}
      propertyPath: m_LocalEulerAnglesHint.z
      value: -4.3770003
      objectReference: {fileID: 0}
    m_RemovedComponents: []
  m_SourcePrefab: {fileID: 100100000, guid: 0b2c5cea499364446aa93aadf508bd4b, type: 3}
--- !u!4 &8028271308440690495 stripped
Transform:
  m_CorrespondingSourceObject: {fileID: 4938562446350236, guid: 0b2c5cea499364446aa93aadf508bd4b,
    type: 3}
  m_PrefabInstance: {fileID: 8033205265203562659}
  m_PrefabAsset: {fileID: 0}
--- !u!1001 &8033205265215717099
PrefabInstance:
  m_ObjectHideFlags: 0
  serializedVersion: 2
  m_Modification:
    m_TransformParent: {fileID: 7184092862537512228}
    m_Modifications:
    - target: {fileID: 1221755408605318, guid: e594ae1e745ddfd4a889674b54a1bf65, type: 3}
      propertyPath: m_StaticEditorFlags
      value: 4294967295
      objectReference: {fileID: 0}
    - target: {fileID: 1506589585541188, guid: e594ae1e745ddfd4a889674b54a1bf65, type: 3}
      propertyPath: m_Name
      value: prefab_polytope_long_grass01 (46)
      objectReference: {fileID: 0}
    - target: {fileID: 1506589585541188, guid: e594ae1e745ddfd4a889674b54a1bf65, type: 3}
      propertyPath: m_StaticEditorFlags
      value: 4294967295
      objectReference: {fileID: 0}
    - target: {fileID: 4568388938284656, guid: e594ae1e745ddfd4a889674b54a1bf65, type: 3}
      propertyPath: m_LocalPosition.x
      value: 4.25315
      objectReference: {fileID: 0}
    - target: {fileID: 4568388938284656, guid: e594ae1e745ddfd4a889674b54a1bf65, type: 3}
      propertyPath: m_LocalPosition.y
      value: -0.8941863
      objectReference: {fileID: 0}
    - target: {fileID: 4568388938284656, guid: e594ae1e745ddfd4a889674b54a1bf65, type: 3}
      propertyPath: m_LocalPosition.z
      value: 3.3358467
      objectReference: {fileID: 0}
    - target: {fileID: 4568388938284656, guid: e594ae1e745ddfd4a889674b54a1bf65, type: 3}
      propertyPath: m_LocalRotation.x
      value: -0.08775763
      objectReference: {fileID: 0}
    - target: {fileID: 4568388938284656, guid: e594ae1e745ddfd4a889674b54a1bf65, type: 3}
      propertyPath: m_LocalRotation.y
      value: -0.8022953
      objectReference: {fileID: 0}
    - target: {fileID: 4568388938284656, guid: e594ae1e745ddfd4a889674b54a1bf65, type: 3}
      propertyPath: m_LocalRotation.z
      value: -0.04853096
      objectReference: {fileID: 0}
    - target: {fileID: 4568388938284656, guid: e594ae1e745ddfd4a889674b54a1bf65, type: 3}
      propertyPath: m_LocalRotation.w
      value: -0.58844346
      objectReference: {fileID: 0}
    - target: {fileID: 4568388938284656, guid: e594ae1e745ddfd4a889674b54a1bf65, type: 3}
      propertyPath: m_RootOrder
      value: 5
      objectReference: {fileID: 0}
    - target: {fileID: 4568388938284656, guid: e594ae1e745ddfd4a889674b54a1bf65, type: 3}
      propertyPath: m_LocalScale.x
      value: 1.6943904
      objectReference: {fileID: 0}
    - target: {fileID: 4568388938284656, guid: e594ae1e745ddfd4a889674b54a1bf65, type: 3}
      propertyPath: m_LocalScale.y
      value: 1.6943872
      objectReference: {fileID: 0}
    - target: {fileID: 4568388938284656, guid: e594ae1e745ddfd4a889674b54a1bf65, type: 3}
      propertyPath: m_LocalScale.z
      value: 1.6943903
      objectReference: {fileID: 0}
    - target: {fileID: 4568388938284656, guid: e594ae1e745ddfd4a889674b54a1bf65, type: 3}
      propertyPath: m_LocalEulerAnglesHint.y
      value: -154.423
      objectReference: {fileID: 0}
    m_RemovedComponents: []
  m_SourcePrefab: {fileID: 100100000, guid: e594ae1e745ddfd4a889674b54a1bf65, type: 3}
--- !u!4 &8028677115256127643 stripped
Transform:
  m_CorrespondingSourceObject: {fileID: 4568388938284656, guid: e594ae1e745ddfd4a889674b54a1bf65,
    type: 3}
  m_PrefabInstance: {fileID: 8033205265215717099}
  m_PrefabAsset: {fileID: 0}
--- !u!1001 &8033205265241917615
PrefabInstance:
  m_ObjectHideFlags: 0
  serializedVersion: 2
  m_Modification:
    m_TransformParent: {fileID: 7184092862537512228}
    m_Modifications:
    - target: {fileID: 1325742668149948, guid: 2053e594d1a0e3f418b72a29ca0a17de, type: 3}
      propertyPath: m_StaticEditorFlags
      value: 4294967295
      objectReference: {fileID: 0}
    - target: {fileID: 1325742668149948, guid: 2053e594d1a0e3f418b72a29ca0a17de, type: 3}
      propertyPath: m_Layer
      value: 9
      objectReference: {fileID: 0}
    - target: {fileID: 1502984122056604, guid: 2053e594d1a0e3f418b72a29ca0a17de, type: 3}
      propertyPath: m_Name
      value: prefab_polytope_plant03 (5)
      objectReference: {fileID: 0}
    - target: {fileID: 1502984122056604, guid: 2053e594d1a0e3f418b72a29ca0a17de, type: 3}
      propertyPath: m_StaticEditorFlags
      value: 4294967295
      objectReference: {fileID: 0}
    - target: {fileID: 1502984122056604, guid: 2053e594d1a0e3f418b72a29ca0a17de, type: 3}
      propertyPath: m_Layer
      value: 9
      objectReference: {fileID: 0}
    - target: {fileID: 4809264340546142, guid: 2053e594d1a0e3f418b72a29ca0a17de, type: 3}
      propertyPath: m_LocalPosition.x
      value: -1.3151892
      objectReference: {fileID: 0}
    - target: {fileID: 4809264340546142, guid: 2053e594d1a0e3f418b72a29ca0a17de, type: 3}
      propertyPath: m_LocalPosition.y
      value: 0.45705494
      objectReference: {fileID: 0}
    - target: {fileID: 4809264340546142, guid: 2053e594d1a0e3f418b72a29ca0a17de, type: 3}
      propertyPath: m_LocalPosition.z
      value: -0.16101362
      objectReference: {fileID: 0}
    - target: {fileID: 4809264340546142, guid: 2053e594d1a0e3f418b72a29ca0a17de, type: 3}
      propertyPath: m_LocalRotation.x
      value: -0.1050054
      objectReference: {fileID: 0}
    - target: {fileID: 4809264340546142, guid: 2053e594d1a0e3f418b72a29ca0a17de, type: 3}
      propertyPath: m_LocalRotation.y
      value: -0.87181985
      objectReference: {fileID: 0}
    - target: {fileID: 4809264340546142, guid: 2053e594d1a0e3f418b72a29ca0a17de, type: 3}
      propertyPath: m_LocalRotation.z
      value: -0.09577171
      objectReference: {fileID: 0}
    - target: {fileID: 4809264340546142, guid: 2053e594d1a0e3f418b72a29ca0a17de, type: 3}
      propertyPath: m_LocalRotation.w
      value: 0.46875566
      objectReference: {fileID: 0}
    - target: {fileID: 4809264340546142, guid: 2053e594d1a0e3f418b72a29ca0a17de, type: 3}
      propertyPath: m_RootOrder
      value: 6
      objectReference: {fileID: 0}
    - target: {fileID: 4809264340546142, guid: 2053e594d1a0e3f418b72a29ca0a17de, type: 3}
      propertyPath: m_LocalScale.x
      value: 1.6862762
      objectReference: {fileID: 0}
    - target: {fileID: 4809264340546142, guid: 2053e594d1a0e3f418b72a29ca0a17de, type: 3}
      propertyPath: m_LocalScale.y
      value: 1.6862763
      objectReference: {fileID: 0}
    - target: {fileID: 4809264340546142, guid: 2053e594d1a0e3f418b72a29ca0a17de, type: 3}
      propertyPath: m_LocalScale.z
      value: 1.6862758
      objectReference: {fileID: 0}
    - target: {fileID: 4809264340546142, guid: 2053e594d1a0e3f418b72a29ca0a17de, type: 3}
      propertyPath: m_LocalEulerAnglesHint.y
      value: -27.203001
      objectReference: {fileID: 0}
    - target: {fileID: 4809264340546142, guid: 2053e594d1a0e3f418b72a29ca0a17de, type: 3}
      propertyPath: m_LocalEulerAnglesHint.x
      value: -5.46
      objectReference: {fileID: 0}
    - target: {fileID: 4809264340546142, guid: 2053e594d1a0e3f418b72a29ca0a17de, type: 3}
      propertyPath: m_LocalEulerAnglesHint.z
      value: 11.477
      objectReference: {fileID: 0}
    m_RemovedComponents: []
  m_SourcePrefab: {fileID: 100100000, guid: 2053e594d1a0e3f418b72a29ca0a17de, type: 3}
--- !u!4 &8028435584264239857 stripped
Transform:
  m_CorrespondingSourceObject: {fileID: 4809264340546142, guid: 2053e594d1a0e3f418b72a29ca0a17de,
    type: 3}
  m_PrefabInstance: {fileID: 8033205265241917615}
  m_PrefabAsset: {fileID: 0}
--- !u!1001 &8033205265254144241
PrefabInstance:
  m_ObjectHideFlags: 0
  serializedVersion: 2
  m_Modification:
    m_TransformParent: {fileID: 7184092862537512228}
    m_Modifications:
    - target: {fileID: 1121570382160826, guid: 6333c71a65334274b9feca9b95cba547, type: 3}
      propertyPath: m_Name
      value: prefab_polytope_rock_small01 (32)
      objectReference: {fileID: 0}
    - target: {fileID: 1121570382160826, guid: 6333c71a65334274b9feca9b95cba547, type: 3}
      propertyPath: m_StaticEditorFlags
      value: 4294967295
      objectReference: {fileID: 0}
    - target: {fileID: 1322881280296470, guid: 6333c71a65334274b9feca9b95cba547, type: 3}
      propertyPath: m_StaticEditorFlags
      value: 4294967295
      objectReference: {fileID: 0}
    - target: {fileID: 4175988654391842, guid: 6333c71a65334274b9feca9b95cba547, type: 3}
      propertyPath: m_LocalPosition.x
      value: 2.3594792
      objectReference: {fileID: 0}
    - target: {fileID: 4175988654391842, guid: 6333c71a65334274b9feca9b95cba547, type: 3}
      propertyPath: m_LocalPosition.y
      value: -1.3348995
      objectReference: {fileID: 0}
    - target: {fileID: 4175988654391842, guid: 6333c71a65334274b9feca9b95cba547, type: 3}
      propertyPath: m_LocalPosition.z
      value: 6.723285
      objectReference: {fileID: 0}
    - target: {fileID: 4175988654391842, guid: 6333c71a65334274b9feca9b95cba547, type: 3}
      propertyPath: m_LocalRotation.x
      value: 0.115325995
      objectReference: {fileID: 0}
    - target: {fileID: 4175988654391842, guid: 6333c71a65334274b9feca9b95cba547, type: 3}
      propertyPath: m_LocalRotation.y
      value: 0.059239954
      objectReference: {fileID: 0}
    - target: {fileID: 4175988654391842, guid: 6333c71a65334274b9feca9b95cba547, type: 3}
      propertyPath: m_LocalRotation.z
      value: 0.01868163
      objectReference: {fileID: 0}
    - target: {fileID: 4175988654391842, guid: 6333c71a65334274b9feca9b95cba547, type: 3}
      propertyPath: m_LocalRotation.w
      value: 0.99138373
      objectReference: {fileID: 0}
    - target: {fileID: 4175988654391842, guid: 6333c71a65334274b9feca9b95cba547, type: 3}
      propertyPath: m_RootOrder
      value: 24
      objectReference: {fileID: 0}
    - target: {fileID: 4175988654391842, guid: 6333c71a65334274b9feca9b95cba547, type: 3}
      propertyPath: m_LocalScale.x
      value: 1
      objectReference: {fileID: 0}
    - target: {fileID: 4175988654391842, guid: 6333c71a65334274b9feca9b95cba547, type: 3}
      propertyPath: m_LocalScale.y
      value: 1
      objectReference: {fileID: 0}
    - target: {fileID: 4175988654391842, guid: 6333c71a65334274b9feca9b95cba547, type: 3}
      propertyPath: m_LocalScale.z
      value: 1
      objectReference: {fileID: 0}
    - target: {fileID: 4175988654391842, guid: 6333c71a65334274b9feca9b95cba547, type: 3}
      propertyPath: m_LocalEulerAnglesHint.y
      value: 105.73501
      objectReference: {fileID: 0}
    - target: {fileID: 4175988654391842, guid: 6333c71a65334274b9feca9b95cba547, type: 3}
      propertyPath: m_LocalEulerAnglesHint.x
      value: 2.1000001
      objectReference: {fileID: 0}
    - target: {fileID: 4175988654391842, guid: 6333c71a65334274b9feca9b95cba547, type: 3}
      propertyPath: m_LocalEulerAnglesHint.z
      value: 6.4490004
      objectReference: {fileID: 0}
    m_RemovedComponents: []
  m_SourcePrefab: {fileID: 100100000, guid: 6333c71a65334274b9feca9b95cba547, type: 3}
--- !u!4 &8031461483295644371 stripped
Transform:
  m_CorrespondingSourceObject: {fileID: 4175988654391842, guid: 6333c71a65334274b9feca9b95cba547,
    type: 3}
  m_PrefabInstance: {fileID: 8033205265254144241}
  m_PrefabAsset: {fileID: 0}
--- !u!1001 &8033205265426978692
PrefabInstance:
  m_ObjectHideFlags: 0
  serializedVersion: 2
  m_Modification:
    m_TransformParent: {fileID: 7184092862537512228}
    m_Modifications:
    - target: {fileID: 1105063407339076, guid: 25229daf4b8984e47877d38481dfbf68, type: 3}
      propertyPath: m_StaticEditorFlags
      value: 4294967295
      objectReference: {fileID: 0}
    - target: {fileID: 1105063407339076, guid: 25229daf4b8984e47877d38481dfbf68, type: 3}
      propertyPath: m_Layer
      value: 9
      objectReference: {fileID: 0}
    - target: {fileID: 1887060546145370, guid: 25229daf4b8984e47877d38481dfbf68, type: 3}
      propertyPath: m_Name
      value: prefab_polytope_plant01 (8)
      objectReference: {fileID: 0}
    - target: {fileID: 1887060546145370, guid: 25229daf4b8984e47877d38481dfbf68, type: 3}
      propertyPath: m_StaticEditorFlags
      value: 4294967295
      objectReference: {fileID: 0}
    - target: {fileID: 1887060546145370, guid: 25229daf4b8984e47877d38481dfbf68, type: 3}
      propertyPath: m_Layer
      value: 9
      objectReference: {fileID: 0}
    - target: {fileID: 4005040062558810, guid: 25229daf4b8984e47877d38481dfbf68, type: 3}
      propertyPath: m_LocalPosition.x
      value: 3.7838066
      objectReference: {fileID: 0}
    - target: {fileID: 4005040062558810, guid: 25229daf4b8984e47877d38481dfbf68, type: 3}
      propertyPath: m_LocalPosition.y
      value: -0.04773447
      objectReference: {fileID: 0}
    - target: {fileID: 4005040062558810, guid: 25229daf4b8984e47877d38481dfbf68, type: 3}
      propertyPath: m_LocalPosition.z
      value: -0.25062275
      objectReference: {fileID: 0}
    - target: {fileID: 4005040062558810, guid: 25229daf4b8984e47877d38481dfbf68, type: 3}
      propertyPath: m_LocalRotation.x
      value: -0.13071935
      objectReference: {fileID: 0}
    - target: {fileID: 4005040062558810, guid: 25229daf4b8984e47877d38481dfbf68, type: 3}
      propertyPath: m_LocalRotation.y
      value: -0.88775337
      objectReference: {fileID: 0}
    - target: {fileID: 4005040062558810, guid: 25229daf4b8984e47877d38481dfbf68, type: 3}
      propertyPath: m_LocalRotation.z
      value: -0.10492754
      objectReference: {fileID: 0}
    - target: {fileID: 4005040062558810, guid: 25229daf4b8984e47877d38481dfbf68, type: 3}
      propertyPath: m_LocalRotation.w
      value: 0.42871526
      objectReference: {fileID: 0}
    - target: {fileID: 4005040062558810, guid: 25229daf4b8984e47877d38481dfbf68, type: 3}
      propertyPath: m_RootOrder
      value: 13
      objectReference: {fileID: 0}
    - target: {fileID: 4005040062558810, guid: 25229daf4b8984e47877d38481dfbf68, type: 3}
      propertyPath: m_LocalEulerAnglesHint.x
      value: -6.9150004
      objectReference: {fileID: 0}
    - target: {fileID: 4005040062558810, guid: 25229daf4b8984e47877d38481dfbf68, type: 3}
      propertyPath: m_LocalEulerAnglesHint.y
      value: -32.709003
      objectReference: {fileID: 0}
    - target: {fileID: 4005040062558810, guid: 25229daf4b8984e47877d38481dfbf68, type: 3}
      propertyPath: m_LocalEulerAnglesHint.z
      value: 13.518001
      objectReference: {fileID: 0}
    - target: {fileID: 4005040062558810, guid: 25229daf4b8984e47877d38481dfbf68, type: 3}
      propertyPath: m_LocalScale.y
      value: 0.97619337
      objectReference: {fileID: 0}
    - target: {fileID: 4005040062558810, guid: 25229daf4b8984e47877d38481dfbf68, type: 3}
      propertyPath: m_LocalScale.z
      value: 0.9761932
      objectReference: {fileID: 0}
    - target: {fileID: 4005040062558810, guid: 25229daf4b8984e47877d38481dfbf68, type: 3}
      propertyPath: m_LocalScale.x
      value: 0.9761933
      objectReference: {fileID: 0}
    m_RemovedComponents: []
  m_SourcePrefab: {fileID: 100100000, guid: 25229daf4b8984e47877d38481dfbf68, type: 3}
--- !u!4 &8031491745108714974 stripped
Transform:
  m_CorrespondingSourceObject: {fileID: 4005040062558810, guid: 25229daf4b8984e47877d38481dfbf68,
    type: 3}
  m_PrefabInstance: {fileID: 8033205265426978692}
  m_PrefabAsset: {fileID: 0}
--- !u!1001 &8033205265442649585
PrefabInstance:
  m_ObjectHideFlags: 0
  serializedVersion: 2
  m_Modification:
    m_TransformParent: {fileID: 7184092862537512228}
    m_Modifications:
    - target: {fileID: 1121570382160826, guid: 6333c71a65334274b9feca9b95cba547, type: 3}
      propertyPath: m_Name
      value: prefab_polytope_rock_small01 (44)
      objectReference: {fileID: 0}
    - target: {fileID: 1121570382160826, guid: 6333c71a65334274b9feca9b95cba547, type: 3}
      propertyPath: m_StaticEditorFlags
      value: 4294967295
      objectReference: {fileID: 0}
    - target: {fileID: 1322881280296470, guid: 6333c71a65334274b9feca9b95cba547, type: 3}
      propertyPath: m_StaticEditorFlags
      value: 4294967295
      objectReference: {fileID: 0}
    - target: {fileID: 4175988654391842, guid: 6333c71a65334274b9feca9b95cba547, type: 3}
      propertyPath: m_LocalPosition.x
      value: 1.9355844
      objectReference: {fileID: 0}
    - target: {fileID: 4175988654391842, guid: 6333c71a65334274b9feca9b95cba547, type: 3}
      propertyPath: m_LocalPosition.y
      value: -2.0547535
      objectReference: {fileID: 0}
    - target: {fileID: 4175988654391842, guid: 6333c71a65334274b9feca9b95cba547, type: 3}
      propertyPath: m_LocalPosition.z
      value: 10.576588
      objectReference: {fileID: 0}
    - target: {fileID: 4175988654391842, guid: 6333c71a65334274b9feca9b95cba547, type: 3}
      propertyPath: m_LocalRotation.x
      value: 0.115325995
      objectReference: {fileID: 0}
    - target: {fileID: 4175988654391842, guid: 6333c71a65334274b9feca9b95cba547, type: 3}
      propertyPath: m_LocalRotation.y
      value: 0.059239954
      objectReference: {fileID: 0}
    - target: {fileID: 4175988654391842, guid: 6333c71a65334274b9feca9b95cba547, type: 3}
      propertyPath: m_LocalRotation.z
      value: 0.01868163
      objectReference: {fileID: 0}
    - target: {fileID: 4175988654391842, guid: 6333c71a65334274b9feca9b95cba547, type: 3}
      propertyPath: m_LocalRotation.w
      value: 0.99138373
      objectReference: {fileID: 0}
    - target: {fileID: 4175988654391842, guid: 6333c71a65334274b9feca9b95cba547, type: 3}
      propertyPath: m_RootOrder
      value: 7
      objectReference: {fileID: 0}
    - target: {fileID: 4175988654391842, guid: 6333c71a65334274b9feca9b95cba547, type: 3}
      propertyPath: m_LocalScale.x
      value: 0.65521044
      objectReference: {fileID: 0}
    - target: {fileID: 4175988654391842, guid: 6333c71a65334274b9feca9b95cba547, type: 3}
      propertyPath: m_LocalScale.y
      value: 0.6552098
      objectReference: {fileID: 0}
    - target: {fileID: 4175988654391842, guid: 6333c71a65334274b9feca9b95cba547, type: 3}
      propertyPath: m_LocalScale.z
      value: 0.65521073
      objectReference: {fileID: 0}
    - target: {fileID: 4175988654391842, guid: 6333c71a65334274b9feca9b95cba547, type: 3}
      propertyPath: m_LocalEulerAnglesHint.y
      value: 105.73501
      objectReference: {fileID: 0}
    - target: {fileID: 4175988654391842, guid: 6333c71a65334274b9feca9b95cba547, type: 3}
      propertyPath: m_LocalEulerAnglesHint.x
      value: 2.1000001
      objectReference: {fileID: 0}
    - target: {fileID: 4175988654391842, guid: 6333c71a65334274b9feca9b95cba547, type: 3}
      propertyPath: m_LocalEulerAnglesHint.z
      value: 6.4490004
      objectReference: {fileID: 0}
    m_RemovedComponents: []
  m_SourcePrefab: {fileID: 100100000, guid: 6333c71a65334274b9feca9b95cba547, type: 3}
--- !u!4 &8031461483493029843 stripped
Transform:
  m_CorrespondingSourceObject: {fileID: 4175988654391842, guid: 6333c71a65334274b9feca9b95cba547,
    type: 3}
  m_PrefabInstance: {fileID: 8033205265442649585}
  m_PrefabAsset: {fileID: 0}
--- !u!1001 &8033205265496141565
PrefabInstance:
  m_ObjectHideFlags: 0
  serializedVersion: 2
  m_Modification:
    m_TransformParent: {fileID: 7184092862537512228}
    m_Modifications:
    - target: {fileID: 1221755408605318, guid: e594ae1e745ddfd4a889674b54a1bf65, type: 3}
      propertyPath: m_StaticEditorFlags
      value: 4294967295
      objectReference: {fileID: 0}
    - target: {fileID: 1506589585541188, guid: e594ae1e745ddfd4a889674b54a1bf65, type: 3}
      propertyPath: m_Name
      value: prefab_polytope_long_grass01 (13)
      objectReference: {fileID: 0}
    - target: {fileID: 1506589585541188, guid: e594ae1e745ddfd4a889674b54a1bf65, type: 3}
      propertyPath: m_StaticEditorFlags
      value: 4294967295
      objectReference: {fileID: 0}
    - target: {fileID: 4568388938284656, guid: e594ae1e745ddfd4a889674b54a1bf65, type: 3}
      propertyPath: m_LocalPosition.x
      value: 3.111393
      objectReference: {fileID: 0}
    - target: {fileID: 4568388938284656, guid: e594ae1e745ddfd4a889674b54a1bf65, type: 3}
      propertyPath: m_LocalPosition.y
      value: -0.23644134
      objectReference: {fileID: 0}
    - target: {fileID: 4568388938284656, guid: e594ae1e745ddfd4a889674b54a1bf65, type: 3}
      propertyPath: m_LocalPosition.z
      value: -1.2363712
      objectReference: {fileID: 0}
    - target: {fileID: 4568388938284656, guid: e594ae1e745ddfd4a889674b54a1bf65, type: 3}
      propertyPath: m_LocalRotation.x
      value: 0.027901607
      objectReference: {fileID: 0}
    - target: {fileID: 4568388938284656, guid: e594ae1e745ddfd4a889674b54a1bf65, type: 3}
      propertyPath: m_LocalRotation.y
      value: -0.75143725
      objectReference: {fileID: 0}
    - target: {fileID: 4568388938284656, guid: e594ae1e745ddfd4a889674b54a1bf65, type: 3}
      propertyPath: m_LocalRotation.z
      value: -0.09632318
      objectReference: {fileID: 0}
    - target: {fileID: 4568388938284656, guid: e594ae1e745ddfd4a889674b54a1bf65, type: 3}
      propertyPath: m_LocalRotation.w
      value: 0.6521391
      objectReference: {fileID: 0}
    - target: {fileID: 4568388938284656, guid: e594ae1e745ddfd4a889674b54a1bf65, type: 3}
      propertyPath: m_RootOrder
      value: 15
      objectReference: {fileID: 0}
    - target: {fileID: 4568388938284656, guid: e594ae1e745ddfd4a889674b54a1bf65, type: 3}
      propertyPath: m_LocalScale.x
      value: 1.6943866
      objectReference: {fileID: 0}
    - target: {fileID: 4568388938284656, guid: e594ae1e745ddfd4a889674b54a1bf65, type: 3}
      propertyPath: m_LocalScale.y
      value: 1.6943872
      objectReference: {fileID: 0}
    - target: {fileID: 4568388938284656, guid: e594ae1e745ddfd4a889674b54a1bf65, type: 3}
      propertyPath: m_LocalScale.z
      value: 1.6943864
      objectReference: {fileID: 0}
    m_RemovedComponents: []
  m_SourcePrefab: {fileID: 100100000, guid: e594ae1e745ddfd4a889674b54a1bf65, type: 3}
--- !u!4 &8028677115512443021 stripped
Transform:
  m_CorrespondingSourceObject: {fileID: 4568388938284656, guid: e594ae1e745ddfd4a889674b54a1bf65,
    type: 3}
  m_PrefabInstance: {fileID: 8033205265496141565}
  m_PrefabAsset: {fileID: 0}
--- !u!1001 &8033205265554520536
PrefabInstance:
  m_ObjectHideFlags: 0
  serializedVersion: 2
  m_Modification:
    m_TransformParent: {fileID: 7184092862537512228}
    m_Modifications:
    - target: {fileID: 1221755408605318, guid: e594ae1e745ddfd4a889674b54a1bf65, type: 3}
      propertyPath: m_StaticEditorFlags
      value: 4294967295
      objectReference: {fileID: 0}
    - target: {fileID: 1506589585541188, guid: e594ae1e745ddfd4a889674b54a1bf65, type: 3}
      propertyPath: m_Name
      value: prefab_polytope_long_grass01 (20)
      objectReference: {fileID: 0}
    - target: {fileID: 1506589585541188, guid: e594ae1e745ddfd4a889674b54a1bf65, type: 3}
      propertyPath: m_StaticEditorFlags
      value: 4294967295
      objectReference: {fileID: 0}
    - target: {fileID: 4568388938284656, guid: e594ae1e745ddfd4a889674b54a1bf65, type: 3}
      propertyPath: m_LocalPosition.x
      value: 2.6004326
      objectReference: {fileID: 0}
    - target: {fileID: 4568388938284656, guid: e594ae1e745ddfd4a889674b54a1bf65, type: 3}
      propertyPath: m_LocalPosition.y
      value: 0.15278406
      objectReference: {fileID: 0}
    - target: {fileID: 4568388938284656, guid: e594ae1e745ddfd4a889674b54a1bf65, type: 3}
      propertyPath: m_LocalPosition.z
      value: 1.3670006
      objectReference: {fileID: 0}
    - target: {fileID: 4568388938284656, guid: e594ae1e745ddfd4a889674b54a1bf65, type: 3}
      propertyPath: m_LocalRotation.x
      value: -0.08775763
      objectReference: {fileID: 0}
    - target: {fileID: 4568388938284656, guid: e594ae1e745ddfd4a889674b54a1bf65, type: 3}
      propertyPath: m_LocalRotation.y
      value: -0.8022953
      objectReference: {fileID: 0}
    - target: {fileID: 4568388938284656, guid: e594ae1e745ddfd4a889674b54a1bf65, type: 3}
      propertyPath: m_LocalRotation.z
      value: -0.04853096
      objectReference: {fileID: 0}
    - target: {fileID: 4568388938284656, guid: e594ae1e745ddfd4a889674b54a1bf65, type: 3}
      propertyPath: m_LocalRotation.w
      value: -0.58844346
      objectReference: {fileID: 0}
    - target: {fileID: 4568388938284656, guid: e594ae1e745ddfd4a889674b54a1bf65, type: 3}
      propertyPath: m_RootOrder
      value: 21
      objectReference: {fileID: 0}
    - target: {fileID: 4568388938284656, guid: e594ae1e745ddfd4a889674b54a1bf65, type: 3}
      propertyPath: m_LocalScale.x
      value: 1.6943904
      objectReference: {fileID: 0}
    - target: {fileID: 4568388938284656, guid: e594ae1e745ddfd4a889674b54a1bf65, type: 3}
      propertyPath: m_LocalScale.y
      value: 1.6943872
      objectReference: {fileID: 0}
    - target: {fileID: 4568388938284656, guid: e594ae1e745ddfd4a889674b54a1bf65, type: 3}
      propertyPath: m_LocalScale.z
      value: 1.6943903
      objectReference: {fileID: 0}
    - target: {fileID: 4568388938284656, guid: e594ae1e745ddfd4a889674b54a1bf65, type: 3}
      propertyPath: m_LocalEulerAnglesHint.y
      value: -154.423
      objectReference: {fileID: 0}
    m_RemovedComponents: []
  m_SourcePrefab: {fileID: 100100000, guid: e594ae1e745ddfd4a889674b54a1bf65, type: 3}
--- !u!4 &8028677115453900712 stripped
Transform:
  m_CorrespondingSourceObject: {fileID: 4568388938284656, guid: e594ae1e745ddfd4a889674b54a1bf65,
    type: 3}
  m_PrefabInstance: {fileID: 8033205265554520536}
  m_PrefabAsset: {fileID: 0}
--- !u!1001 &8033205265576881554
PrefabInstance:
  m_ObjectHideFlags: 0
  serializedVersion: 2
  m_Modification:
    m_TransformParent: {fileID: 7184092862537512228}
    m_Modifications:
    - target: {fileID: 1221755408605318, guid: e594ae1e745ddfd4a889674b54a1bf65, type: 3}
      propertyPath: m_StaticEditorFlags
      value: 4294967295
      objectReference: {fileID: 0}
    - target: {fileID: 1506589585541188, guid: e594ae1e745ddfd4a889674b54a1bf65, type: 3}
      propertyPath: m_Name
      value: prefab_polytope_long_grass01 (18)
      objectReference: {fileID: 0}
    - target: {fileID: 1506589585541188, guid: e594ae1e745ddfd4a889674b54a1bf65, type: 3}
      propertyPath: m_StaticEditorFlags
      value: 4294967295
      objectReference: {fileID: 0}
    - target: {fileID: 4568388938284656, guid: e594ae1e745ddfd4a889674b54a1bf65, type: 3}
      propertyPath: m_LocalPosition.x
      value: 5.4742403
      objectReference: {fileID: 0}
    - target: {fileID: 4568388938284656, guid: e594ae1e745ddfd4a889674b54a1bf65, type: 3}
      propertyPath: m_LocalPosition.y
      value: -1.5173529
      objectReference: {fileID: 0}
    - target: {fileID: 4568388938284656, guid: e594ae1e745ddfd4a889674b54a1bf65, type: 3}
      propertyPath: m_LocalPosition.z
      value: 4.600559
      objectReference: {fileID: 0}
    - target: {fileID: 4568388938284656, guid: e594ae1e745ddfd4a889674b54a1bf65, type: 3}
      propertyPath: m_LocalRotation.x
      value: -0.039802376
      objectReference: {fileID: 0}
    - target: {fileID: 4568388938284656, guid: e594ae1e745ddfd4a889674b54a1bf65, type: 3}
      propertyPath: m_LocalRotation.y
      value: -0.99465597
      objectReference: {fileID: 0}
    - target: {fileID: 4568388938284656, guid: e594ae1e745ddfd4a889674b54a1bf65, type: 3}
      propertyPath: m_LocalRotation.z
      value: -0.09204578
      objectReference: {fileID: 0}
    - target: {fileID: 4568388938284656, guid: e594ae1e745ddfd4a889674b54a1bf65, type: 3}
      propertyPath: m_LocalRotation.w
      value: 0.024554461
      objectReference: {fileID: 0}
    - target: {fileID: 4568388938284656, guid: e594ae1e745ddfd4a889674b54a1bf65, type: 3}
      propertyPath: m_RootOrder
      value: 20
      objectReference: {fileID: 0}
    - target: {fileID: 4568388938284656, guid: e594ae1e745ddfd4a889674b54a1bf65, type: 3}
      propertyPath: m_LocalScale.x
      value: 1.694387
      objectReference: {fileID: 0}
    - target: {fileID: 4568388938284656, guid: e594ae1e745ddfd4a889674b54a1bf65, type: 3}
      propertyPath: m_LocalScale.y
      value: 1.6943872
      objectReference: {fileID: 0}
    - target: {fileID: 4568388938284656, guid: e594ae1e745ddfd4a889674b54a1bf65, type: 3}
      propertyPath: m_LocalScale.z
      value: 1.6943871
      objectReference: {fileID: 0}
    - target: {fileID: 4568388938284656, guid: e594ae1e745ddfd4a889674b54a1bf65, type: 3}
      propertyPath: m_LocalEulerAnglesHint.y
      value: -79.078
      objectReference: {fileID: 0}
    m_RemovedComponents: []
  m_SourcePrefab: {fileID: 100100000, guid: e594ae1e745ddfd4a889674b54a1bf65, type: 3}
--- !u!4 &8028677115427509218 stripped
Transform:
  m_CorrespondingSourceObject: {fileID: 4568388938284656, guid: e594ae1e745ddfd4a889674b54a1bf65,
    type: 3}
  m_PrefabInstance: {fileID: 8033205265576881554}
  m_PrefabAsset: {fileID: 0}
--- !u!1001 &8033205265849249178
PrefabInstance:
  m_ObjectHideFlags: 0
  serializedVersion: 2
  m_Modification:
    m_TransformParent: {fileID: 7184092862537512228}
    m_Modifications:
    - target: {fileID: 1221755408605318, guid: e594ae1e745ddfd4a889674b54a1bf65, type: 3}
      propertyPath: m_StaticEditorFlags
      value: 4294967295
      objectReference: {fileID: 0}
    - target: {fileID: 1506589585541188, guid: e594ae1e745ddfd4a889674b54a1bf65, type: 3}
      propertyPath: m_Name
      value: prefab_polytope_long_grass01 (15)
      objectReference: {fileID: 0}
    - target: {fileID: 1506589585541188, guid: e594ae1e745ddfd4a889674b54a1bf65, type: 3}
      propertyPath: m_StaticEditorFlags
      value: 4294967295
      objectReference: {fileID: 0}
    - target: {fileID: 4568388938284656, guid: e594ae1e745ddfd4a889674b54a1bf65, type: 3}
      propertyPath: m_LocalPosition.x
      value: 2.1602163
      objectReference: {fileID: 0}
    - target: {fileID: 4568388938284656, guid: e594ae1e745ddfd4a889674b54a1bf65, type: 3}
      propertyPath: m_LocalPosition.y
      value: -0.9555162
      objectReference: {fileID: 0}
    - target: {fileID: 4568388938284656, guid: e594ae1e745ddfd4a889674b54a1bf65, type: 3}
      propertyPath: m_LocalPosition.z
      value: 3.0927007
      objectReference: {fileID: 0}
    - target: {fileID: 4568388938284656, guid: e594ae1e745ddfd4a889674b54a1bf65, type: 3}
      propertyPath: m_LocalRotation.x
      value: -0.039802376
      objectReference: {fileID: 0}
    - target: {fileID: 4568388938284656, guid: e594ae1e745ddfd4a889674b54a1bf65, type: 3}
      propertyPath: m_LocalRotation.y
      value: -0.99465597
      objectReference: {fileID: 0}
    - target: {fileID: 4568388938284656, guid: e594ae1e745ddfd4a889674b54a1bf65, type: 3}
      propertyPath: m_LocalRotation.z
      value: -0.09204578
      objectReference: {fileID: 0}
    - target: {fileID: 4568388938284656, guid: e594ae1e745ddfd4a889674b54a1bf65, type: 3}
      propertyPath: m_LocalRotation.w
      value: 0.024554461
      objectReference: {fileID: 0}
    - target: {fileID: 4568388938284656, guid: e594ae1e745ddfd4a889674b54a1bf65, type: 3}
      propertyPath: m_RootOrder
      value: 17
      objectReference: {fileID: 0}
    - target: {fileID: 4568388938284656, guid: e594ae1e745ddfd4a889674b54a1bf65, type: 3}
      propertyPath: m_LocalScale.x
      value: 1.694387
      objectReference: {fileID: 0}
    - target: {fileID: 4568388938284656, guid: e594ae1e745ddfd4a889674b54a1bf65, type: 3}
      propertyPath: m_LocalScale.y
      value: 1.6943872
      objectReference: {fileID: 0}
    - target: {fileID: 4568388938284656, guid: e594ae1e745ddfd4a889674b54a1bf65, type: 3}
      propertyPath: m_LocalScale.z
      value: 1.6943871
      objectReference: {fileID: 0}
    - target: {fileID: 4568388938284656, guid: e594ae1e745ddfd4a889674b54a1bf65, type: 3}
      propertyPath: m_LocalEulerAnglesHint.y
      value: -79.078
      objectReference: {fileID: 0}
    m_RemovedComponents: []
  m_SourcePrefab: {fileID: 100100000, guid: e594ae1e745ddfd4a889674b54a1bf65, type: 3}
--- !u!4 &8028677114622465002 stripped
Transform:
  m_CorrespondingSourceObject: {fileID: 4568388938284656, guid: e594ae1e745ddfd4a889674b54a1bf65,
    type: 3}
  m_PrefabInstance: {fileID: 8033205265849249178}
  m_PrefabAsset: {fileID: 0}
--- !u!1001 &8033205265894104998
PrefabInstance:
  m_ObjectHideFlags: 0
  serializedVersion: 2
  m_Modification:
    m_TransformParent: {fileID: 7184092862537512228}
    m_Modifications:
    - target: {fileID: 1221755408605318, guid: e594ae1e745ddfd4a889674b54a1bf65, type: 3}
      propertyPath: m_StaticEditorFlags
      value: 4294967295
      objectReference: {fileID: 0}
    - target: {fileID: 1506589585541188, guid: e594ae1e745ddfd4a889674b54a1bf65, type: 3}
      propertyPath: m_Name
      value: prefab_polytope_long_grass01 (43)
      objectReference: {fileID: 0}
    - target: {fileID: 1506589585541188, guid: e594ae1e745ddfd4a889674b54a1bf65, type: 3}
      propertyPath: m_StaticEditorFlags
      value: 4294967295
      objectReference: {fileID: 0}
    - target: {fileID: 4568388938284656, guid: e594ae1e745ddfd4a889674b54a1bf65, type: 3}
      propertyPath: m_LocalPosition.x
      value: 0.1710073
      objectReference: {fileID: 0}
    - target: {fileID: 4568388938284656, guid: e594ae1e745ddfd4a889674b54a1bf65, type: 3}
      propertyPath: m_LocalPosition.y
      value: 0.0030962192
      objectReference: {fileID: 0}
    - target: {fileID: 4568388938284656, guid: e594ae1e745ddfd4a889674b54a1bf65, type: 3}
      propertyPath: m_LocalPosition.z
      value: 0.20675018
      objectReference: {fileID: 0}
    - target: {fileID: 4568388938284656, guid: e594ae1e745ddfd4a889674b54a1bf65, type: 3}
      propertyPath: m_LocalRotation.x
      value: -0.08775763
      objectReference: {fileID: 0}
    - target: {fileID: 4568388938284656, guid: e594ae1e745ddfd4a889674b54a1bf65, type: 3}
      propertyPath: m_LocalRotation.y
      value: -0.8022953
      objectReference: {fileID: 0}
    - target: {fileID: 4568388938284656, guid: e594ae1e745ddfd4a889674b54a1bf65, type: 3}
      propertyPath: m_LocalRotation.z
      value: -0.04853096
      objectReference: {fileID: 0}
    - target: {fileID: 4568388938284656, guid: e594ae1e745ddfd4a889674b54a1bf65, type: 3}
      propertyPath: m_LocalRotation.w
      value: -0.58844346
      objectReference: {fileID: 0}
    - target: {fileID: 4568388938284656, guid: e594ae1e745ddfd4a889674b54a1bf65, type: 3}
      propertyPath: m_RootOrder
      value: 2
      objectReference: {fileID: 0}
    - target: {fileID: 4568388938284656, guid: e594ae1e745ddfd4a889674b54a1bf65, type: 3}
      propertyPath: m_LocalScale.x
      value: 1.6943904
      objectReference: {fileID: 0}
    - target: {fileID: 4568388938284656, guid: e594ae1e745ddfd4a889674b54a1bf65, type: 3}
      propertyPath: m_LocalScale.y
      value: 1.6943872
      objectReference: {fileID: 0}
    - target: {fileID: 4568388938284656, guid: e594ae1e745ddfd4a889674b54a1bf65, type: 3}
      propertyPath: m_LocalScale.z
      value: 1.6943903
      objectReference: {fileID: 0}
    - target: {fileID: 4568388938284656, guid: e594ae1e745ddfd4a889674b54a1bf65, type: 3}
      propertyPath: m_LocalEulerAnglesHint.y
      value: -154.423
      objectReference: {fileID: 0}
    m_RemovedComponents: []
  m_SourcePrefab: {fileID: 100100000, guid: e594ae1e745ddfd4a889674b54a1bf65, type: 3}
--- !u!4 &8028677114577740246 stripped
Transform:
  m_CorrespondingSourceObject: {fileID: 4568388938284656, guid: e594ae1e745ddfd4a889674b54a1bf65,
    type: 3}
  m_PrefabInstance: {fileID: 8033205265894104998}
  m_PrefabAsset: {fileID: 0}
--- !u!1001 &8033205266073721136
PrefabInstance:
  m_ObjectHideFlags: 0
  serializedVersion: 2
  m_Modification:
    m_TransformParent: {fileID: 7184092862537512228}
    m_Modifications:
    - target: {fileID: 1221755408605318, guid: e594ae1e745ddfd4a889674b54a1bf65, type: 3}
      propertyPath: m_StaticEditorFlags
      value: 4294967295
      objectReference: {fileID: 0}
    - target: {fileID: 1506589585541188, guid: e594ae1e745ddfd4a889674b54a1bf65, type: 3}
      propertyPath: m_Name
      value: prefab_polytope_long_grass01 (44)
      objectReference: {fileID: 0}
    - target: {fileID: 1506589585541188, guid: e594ae1e745ddfd4a889674b54a1bf65, type: 3}
      propertyPath: m_StaticEditorFlags
      value: 4294967295
      objectReference: {fileID: 0}
    - target: {fileID: 4568388938284656, guid: e594ae1e745ddfd4a889674b54a1bf65, type: 3}
      propertyPath: m_LocalPosition.x
      value: 0.40800512
      objectReference: {fileID: 0}
    - target: {fileID: 4568388938284656, guid: e594ae1e745ddfd4a889674b54a1bf65, type: 3}
      propertyPath: m_LocalPosition.y
      value: -0.4697967
      objectReference: {fileID: 0}
    - target: {fileID: 4568388938284656, guid: e594ae1e745ddfd4a889674b54a1bf65, type: 3}
      propertyPath: m_LocalPosition.z
      value: 2.655202
      objectReference: {fileID: 0}
    - target: {fileID: 4568388938284656, guid: e594ae1e745ddfd4a889674b54a1bf65, type: 3}
      propertyPath: m_LocalRotation.x
      value: -0.08775763
      objectReference: {fileID: 0}
    - target: {fileID: 4568388938284656, guid: e594ae1e745ddfd4a889674b54a1bf65, type: 3}
      propertyPath: m_LocalRotation.y
      value: -0.8022953
      objectReference: {fileID: 0}
    - target: {fileID: 4568388938284656, guid: e594ae1e745ddfd4a889674b54a1bf65, type: 3}
      propertyPath: m_LocalRotation.z
      value: -0.04853096
      objectReference: {fileID: 0}
    - target: {fileID: 4568388938284656, guid: e594ae1e745ddfd4a889674b54a1bf65, type: 3}
      propertyPath: m_LocalRotation.w
      value: -0.58844346
      objectReference: {fileID: 0}
    - target: {fileID: 4568388938284656, guid: e594ae1e745ddfd4a889674b54a1bf65, type: 3}
      propertyPath: m_RootOrder
      value: 3
      objectReference: {fileID: 0}
    - target: {fileID: 4568388938284656, guid: e594ae1e745ddfd4a889674b54a1bf65, type: 3}
      propertyPath: m_LocalScale.x
      value: 1.6943904
      objectReference: {fileID: 0}
    - target: {fileID: 4568388938284656, guid: e594ae1e745ddfd4a889674b54a1bf65, type: 3}
      propertyPath: m_LocalScale.y
      value: 1.6943872
      objectReference: {fileID: 0}
    - target: {fileID: 4568388938284656, guid: e594ae1e745ddfd4a889674b54a1bf65, type: 3}
      propertyPath: m_LocalScale.z
      value: 1.6943903
      objectReference: {fileID: 0}
    - target: {fileID: 4568388938284656, guid: e594ae1e745ddfd4a889674b54a1bf65, type: 3}
      propertyPath: m_LocalEulerAnglesHint.y
      value: -154.423
      objectReference: {fileID: 0}
    m_RemovedComponents: []
  m_SourcePrefab: {fileID: 100100000, guid: e594ae1e745ddfd4a889674b54a1bf65, type: 3}
--- !u!4 &8028677114930898752 stripped
Transform:
  m_CorrespondingSourceObject: {fileID: 4568388938284656, guid: e594ae1e745ddfd4a889674b54a1bf65,
    type: 3}
  m_PrefabInstance: {fileID: 8033205266073721136}
  m_PrefabAsset: {fileID: 0}
--- !u!1001 &8033205266102402777
PrefabInstance:
  m_ObjectHideFlags: 0
  serializedVersion: 2
  m_Modification:
    m_TransformParent: {fileID: 7184092862537512228}
    m_Modifications:
    - target: {fileID: 1221755408605318, guid: e594ae1e745ddfd4a889674b54a1bf65, type: 3}
      propertyPath: m_StaticEditorFlags
      value: 4294967295
      objectReference: {fileID: 0}
    - target: {fileID: 1506589585541188, guid: e594ae1e745ddfd4a889674b54a1bf65, type: 3}
      propertyPath: m_Name
      value: prefab_polytope_long_grass01 (12)
      objectReference: {fileID: 0}
    - target: {fileID: 1506589585541188, guid: e594ae1e745ddfd4a889674b54a1bf65, type: 3}
      propertyPath: m_StaticEditorFlags
      value: 4294967295
      objectReference: {fileID: 0}
    - target: {fileID: 4568388938284656, guid: e594ae1e745ddfd4a889674b54a1bf65, type: 3}
      propertyPath: m_LocalPosition.x
      value: 3.538918
      objectReference: {fileID: 0}
    - target: {fileID: 4568388938284656, guid: e594ae1e745ddfd4a889674b54a1bf65, type: 3}
      propertyPath: m_LocalPosition.y
      value: 0.030081201
      objectReference: {fileID: 0}
    - target: {fileID: 4568388938284656, guid: e594ae1e745ddfd4a889674b54a1bf65, type: 3}
      propertyPath: m_LocalPosition.z
      value: 0.83729315
      objectReference: {fileID: 0}
    - target: {fileID: 4568388938284656, guid: e594ae1e745ddfd4a889674b54a1bf65, type: 3}
      propertyPath: m_LocalRotation.x
      value: 0.027901607
      objectReference: {fileID: 0}
    - target: {fileID: 4568388938284656, guid: e594ae1e745ddfd4a889674b54a1bf65, type: 3}
      propertyPath: m_LocalRotation.y
      value: -0.75143725
      objectReference: {fileID: 0}
    - target: {fileID: 4568388938284656, guid: e594ae1e745ddfd4a889674b54a1bf65, type: 3}
      propertyPath: m_LocalRotation.z
      value: -0.09632318
      objectReference: {fileID: 0}
    - target: {fileID: 4568388938284656, guid: e594ae1e745ddfd4a889674b54a1bf65, type: 3}
      propertyPath: m_LocalRotation.w
      value: 0.6521391
      objectReference: {fileID: 0}
    - target: {fileID: 4568388938284656, guid: e594ae1e745ddfd4a889674b54a1bf65, type: 3}
      propertyPath: m_RootOrder
      value: 14
      objectReference: {fileID: 0}
    - target: {fileID: 4568388938284656, guid: e594ae1e745ddfd4a889674b54a1bf65, type: 3}
      propertyPath: m_LocalScale.x
      value: 1.6943866
      objectReference: {fileID: 0}
    - target: {fileID: 4568388938284656, guid: e594ae1e745ddfd4a889674b54a1bf65, type: 3}
      propertyPath: m_LocalScale.y
      value: 1.6943872
      objectReference: {fileID: 0}
    - target: {fileID: 4568388938284656, guid: e594ae1e745ddfd4a889674b54a1bf65, type: 3}
      propertyPath: m_LocalScale.z
      value: 1.6943864
      objectReference: {fileID: 0}
    m_RemovedComponents: []
  m_SourcePrefab: {fileID: 100100000, guid: e594ae1e745ddfd4a889674b54a1bf65, type: 3}
--- !u!4 &8028677114901823657 stripped
Transform:
  m_CorrespondingSourceObject: {fileID: 4568388938284656, guid: e594ae1e745ddfd4a889674b54a1bf65,
    type: 3}
  m_PrefabInstance: {fileID: 8033205266102402777}
  m_PrefabAsset: {fileID: 0}
--- !u!1001 &8033205266164729367
PrefabInstance:
  m_ObjectHideFlags: 0
  serializedVersion: 2
  m_Modification:
    m_TransformParent: {fileID: 7184092862537512228}
    m_Modifications:
    - target: {fileID: 1121570382160826, guid: 6333c71a65334274b9feca9b95cba547, type: 3}
      propertyPath: m_Name
      value: prefab_polytope_rock_small01 (43)
      objectReference: {fileID: 0}
    - target: {fileID: 1121570382160826, guid: 6333c71a65334274b9feca9b95cba547, type: 3}
      propertyPath: m_StaticEditorFlags
      value: 4294967295
      objectReference: {fileID: 0}
    - target: {fileID: 1322881280296470, guid: 6333c71a65334274b9feca9b95cba547, type: 3}
      propertyPath: m_StaticEditorFlags
      value: 4294967295
      objectReference: {fileID: 0}
    - target: {fileID: 4175988654391842, guid: 6333c71a65334274b9feca9b95cba547, type: 3}
      propertyPath: m_LocalPosition.x
      value: -2.2487633
      objectReference: {fileID: 0}
    - target: {fileID: 4175988654391842, guid: 6333c71a65334274b9feca9b95cba547, type: 3}
      propertyPath: m_LocalPosition.y
      value: -0.08468741
      objectReference: {fileID: 0}
    - target: {fileID: 4175988654391842, guid: 6333c71a65334274b9feca9b95cba547, type: 3}
      propertyPath: m_LocalPosition.z
      value: 1.4971017
      objectReference: {fileID: 0}
    - target: {fileID: 4175988654391842, guid: 6333c71a65334274b9feca9b95cba547, type: 3}
      propertyPath: m_LocalRotation.x
      value: 0.011803485
      objectReference: {fileID: 0}
    - target: {fileID: 4175988654391842, guid: 6333c71a65334274b9feca9b95cba547, type: 3}
      propertyPath: m_LocalRotation.y
      value: 0.13818556
      objectReference: {fileID: 0}
    - target: {fileID: 4175988654391842, guid: 6333c71a65334274b9feca9b95cba547, type: 3}
      propertyPath: m_LocalRotation.z
      value: 0.025546568
      objectReference: {fileID: 0}
    - target: {fileID: 4175988654391842, guid: 6333c71a65334274b9feca9b95cba547, type: 3}
      propertyPath: m_LocalRotation.w
      value: 0.9900065
      objectReference: {fileID: 0}
    - target: {fileID: 4175988654391842, guid: 6333c71a65334274b9feca9b95cba547, type: 3}
      propertyPath: m_RootOrder
      value: 1
      objectReference: {fileID: 0}
    - target: {fileID: 4175988654391842, guid: 6333c71a65334274b9feca9b95cba547, type: 3}
      propertyPath: m_LocalScale.x
      value: 1
      objectReference: {fileID: 0}
    - target: {fileID: 4175988654391842, guid: 6333c71a65334274b9feca9b95cba547, type: 3}
      propertyPath: m_LocalScale.y
      value: 1
      objectReference: {fileID: 0}
    - target: {fileID: 4175988654391842, guid: 6333c71a65334274b9feca9b95cba547, type: 3}
      propertyPath: m_LocalScale.z
      value: 1
      objectReference: {fileID: 0}
    - target: {fileID: 4175988654391842, guid: 6333c71a65334274b9feca9b95cba547, type: 3}
      propertyPath: m_LocalEulerAnglesHint.y
      value: 113.86101
      objectReference: {fileID: 0}
    - target: {fileID: 4175988654391842, guid: 6333c71a65334274b9feca9b95cba547, type: 3}
      propertyPath: m_LocalEulerAnglesHint.x
      value: -10.437
      objectReference: {fileID: 0}
    - target: {fileID: 4175988654391842, guid: 6333c71a65334274b9feca9b95cba547, type: 3}
      propertyPath: m_LocalEulerAnglesHint.z
      value: 4.8820004
      objectReference: {fileID: 0}
    m_RemovedComponents: []
  m_SourcePrefab: {fileID: 100100000, guid: 6333c71a65334274b9feca9b95cba547, type: 3}
--- !u!4 &8031461483141334069 stripped
Transform:
  m_CorrespondingSourceObject: {fileID: 4175988654391842, guid: 6333c71a65334274b9feca9b95cba547,
    type: 3}
  m_PrefabInstance: {fileID: 8033205266164729367}
  m_PrefabAsset: {fileID: 0}
--- !u!1001 &8033205266282063163
PrefabInstance:
  m_ObjectHideFlags: 0
  serializedVersion: 2
  m_Modification:
    m_TransformParent: {fileID: 7184092862537512228}
    m_Modifications:
    - target: {fileID: 1221755408605318, guid: e594ae1e745ddfd4a889674b54a1bf65, type: 3}
      propertyPath: m_StaticEditorFlags
      value: 4294967295
      objectReference: {fileID: 0}
    - target: {fileID: 1506589585541188, guid: e594ae1e745ddfd4a889674b54a1bf65, type: 3}
      propertyPath: m_Name
      value: prefab_polytope_long_grass01 (19)
      objectReference: {fileID: 0}
    - target: {fileID: 1506589585541188, guid: e594ae1e745ddfd4a889674b54a1bf65, type: 3}
      propertyPath: m_StaticEditorFlags
      value: 4294967295
      objectReference: {fileID: 0}
    - target: {fileID: 4568388938284656, guid: e594ae1e745ddfd4a889674b54a1bf65, type: 3}
      propertyPath: m_LocalPosition.x
      value: 3.7853637
      objectReference: {fileID: 0}
    - target: {fileID: 4568388938284656, guid: e594ae1e745ddfd4a889674b54a1bf65, type: 3}
      propertyPath: m_LocalPosition.y
      value: -1.6492542
      objectReference: {fileID: 0}
    - target: {fileID: 4568388938284656, guid: e594ae1e745ddfd4a889674b54a1bf65, type: 3}
      propertyPath: m_LocalPosition.z
      value: 6.094361
      objectReference: {fileID: 0}
    - target: {fileID: 4568388938284656, guid: e594ae1e745ddfd4a889674b54a1bf65, type: 3}
      propertyPath: m_LocalRotation.x
      value: -0.039802376
      objectReference: {fileID: 0}
    - target: {fileID: 4568388938284656, guid: e594ae1e745ddfd4a889674b54a1bf65, type: 3}
      propertyPath: m_LocalRotation.y
      value: -0.99465597
      objectReference: {fileID: 0}
    - target: {fileID: 4568388938284656, guid: e594ae1e745ddfd4a889674b54a1bf65, type: 3}
      propertyPath: m_LocalRotation.z
      value: -0.09204578
      objectReference: {fileID: 0}
    - target: {fileID: 4568388938284656, guid: e594ae1e745ddfd4a889674b54a1bf65, type: 3}
      propertyPath: m_LocalRotation.w
      value: 0.024554461
      objectReference: {fileID: 0}
    - target: {fileID: 4568388938284656, guid: e594ae1e745ddfd4a889674b54a1bf65, type: 3}
      propertyPath: m_RootOrder
      value: 26
      objectReference: {fileID: 0}
    - target: {fileID: 4568388938284656, guid: e594ae1e745ddfd4a889674b54a1bf65, type: 3}
      propertyPath: m_LocalScale.x
      value: 1.694387
      objectReference: {fileID: 0}
    - target: {fileID: 4568388938284656, guid: e594ae1e745ddfd4a889674b54a1bf65, type: 3}
      propertyPath: m_LocalScale.y
      value: 1.6943872
      objectReference: {fileID: 0}
    - target: {fileID: 4568388938284656, guid: e594ae1e745ddfd4a889674b54a1bf65, type: 3}
      propertyPath: m_LocalScale.z
      value: 1.6943871
      objectReference: {fileID: 0}
    - target: {fileID: 4568388938284656, guid: e594ae1e745ddfd4a889674b54a1bf65, type: 3}
      propertyPath: m_LocalEulerAnglesHint.y
      value: -79.078
      objectReference: {fileID: 0}
    m_RemovedComponents: []
  m_SourcePrefab: {fileID: 100100000, guid: e594ae1e745ddfd4a889674b54a1bf65, type: 3}
--- !u!4 &8028677114185554763 stripped
Transform:
  m_CorrespondingSourceObject: {fileID: 4568388938284656, guid: e594ae1e745ddfd4a889674b54a1bf65,
    type: 3}
  m_PrefabInstance: {fileID: 8033205266282063163}
  m_PrefabAsset: {fileID: 0}
--- !u!1001 &8033205266336228805
PrefabInstance:
  m_ObjectHideFlags: 0
  serializedVersion: 2
  m_Modification:
    m_TransformParent: {fileID: 7184092862537512228}
    m_Modifications:
    - target: {fileID: 1221755408605318, guid: e594ae1e745ddfd4a889674b54a1bf65, type: 3}
      propertyPath: m_StaticEditorFlags
      value: 4294967295
      objectReference: {fileID: 0}
    - target: {fileID: 1506589585541188, guid: e594ae1e745ddfd4a889674b54a1bf65, type: 3}
      propertyPath: m_Name
      value: prefab_polytope_long_grass01 (14)
      objectReference: {fileID: 0}
    - target: {fileID: 1506589585541188, guid: e594ae1e745ddfd4a889674b54a1bf65, type: 3}
      propertyPath: m_StaticEditorFlags
      value: 4294967295
      objectReference: {fileID: 0}
    - target: {fileID: 4568388938284656, guid: e594ae1e745ddfd4a889674b54a1bf65, type: 3}
      propertyPath: m_LocalPosition.x
      value: 4.9303803
      objectReference: {fileID: 0}
    - target: {fileID: 4568388938284656, guid: e594ae1e745ddfd4a889674b54a1bf65, type: 3}
      propertyPath: m_LocalPosition.y
      value: -0.94970113
      objectReference: {fileID: 0}
    - target: {fileID: 4568388938284656, guid: e594ae1e745ddfd4a889674b54a1bf65, type: 3}
      propertyPath: m_LocalPosition.z
      value: 1.7813247
      objectReference: {fileID: 0}
    - target: {fileID: 4568388938284656, guid: e594ae1e745ddfd4a889674b54a1bf65, type: 3}
      propertyPath: m_LocalRotation.x
      value: 0.027901607
      objectReference: {fileID: 0}
    - target: {fileID: 4568388938284656, guid: e594ae1e745ddfd4a889674b54a1bf65, type: 3}
      propertyPath: m_LocalRotation.y
      value: -0.75143725
      objectReference: {fileID: 0}
    - target: {fileID: 4568388938284656, guid: e594ae1e745ddfd4a889674b54a1bf65, type: 3}
      propertyPath: m_LocalRotation.z
      value: -0.09632318
      objectReference: {fileID: 0}
    - target: {fileID: 4568388938284656, guid: e594ae1e745ddfd4a889674b54a1bf65, type: 3}
      propertyPath: m_LocalRotation.w
      value: 0.6521391
      objectReference: {fileID: 0}
    - target: {fileID: 4568388938284656, guid: e594ae1e745ddfd4a889674b54a1bf65, type: 3}
      propertyPath: m_RootOrder
      value: 16
      objectReference: {fileID: 0}
    - target: {fileID: 4568388938284656, guid: e594ae1e745ddfd4a889674b54a1bf65, type: 3}
      propertyPath: m_LocalScale.x
      value: 1.6943866
      objectReference: {fileID: 0}
    - target: {fileID: 4568388938284656, guid: e594ae1e745ddfd4a889674b54a1bf65, type: 3}
      propertyPath: m_LocalScale.y
      value: 1.6943872
      objectReference: {fileID: 0}
    - target: {fileID: 4568388938284656, guid: e594ae1e745ddfd4a889674b54a1bf65, type: 3}
      propertyPath: m_LocalScale.z
      value: 1.6943864
      objectReference: {fileID: 0}
    m_RemovedComponents: []
  m_SourcePrefab: {fileID: 100100000, guid: e594ae1e745ddfd4a889674b54a1bf65, type: 3}
--- !u!4 &8028677114131127221 stripped
Transform:
  m_CorrespondingSourceObject: {fileID: 4568388938284656, guid: e594ae1e745ddfd4a889674b54a1bf65,
    type: 3}
  m_PrefabInstance: {fileID: 8033205266336228805}
  m_PrefabAsset: {fileID: 0}
--- !u!1001 &8033205266392365422
PrefabInstance:
  m_ObjectHideFlags: 0
  serializedVersion: 2
  m_Modification:
    m_TransformParent: {fileID: 7184092862537512228}
    m_Modifications:
    - target: {fileID: 1221755408605318, guid: e594ae1e745ddfd4a889674b54a1bf65, type: 3}
      propertyPath: m_StaticEditorFlags
      value: 4294967295
      objectReference: {fileID: 0}
    - target: {fileID: 1506589585541188, guid: e594ae1e745ddfd4a889674b54a1bf65, type: 3}
      propertyPath: m_Name
      value: prefab_polytope_long_grass01 (17)
      objectReference: {fileID: 0}
    - target: {fileID: 1506589585541188, guid: e594ae1e745ddfd4a889674b54a1bf65, type: 3}
      propertyPath: m_StaticEditorFlags
      value: 4294967295
      objectReference: {fileID: 0}
    - target: {fileID: 4568388938284656, guid: e594ae1e745ddfd4a889674b54a1bf65, type: 3}
      propertyPath: m_LocalPosition.x
      value: 3.9725385
      objectReference: {fileID: 0}
    - target: {fileID: 4568388938284656, guid: e594ae1e745ddfd4a889674b54a1bf65, type: 3}
      propertyPath: m_LocalPosition.y
      value: -1.4491144
      objectReference: {fileID: 0}
    - target: {fileID: 4568388938284656, guid: e594ae1e745ddfd4a889674b54a1bf65, type: 3}
      propertyPath: m_LocalPosition.z
      value: 4.9252906
      objectReference: {fileID: 0}
    - target: {fileID: 4568388938284656, guid: e594ae1e745ddfd4a889674b54a1bf65, type: 3}
      propertyPath: m_LocalRotation.x
      value: -0.039802376
      objectReference: {fileID: 0}
    - target: {fileID: 4568388938284656, guid: e594ae1e745ddfd4a889674b54a1bf65, type: 3}
      propertyPath: m_LocalRotation.y
      value: -0.99465597
      objectReference: {fileID: 0}
    - target: {fileID: 4568388938284656, guid: e594ae1e745ddfd4a889674b54a1bf65, type: 3}
      propertyPath: m_LocalRotation.z
      value: -0.09204578
      objectReference: {fileID: 0}
    - target: {fileID: 4568388938284656, guid: e594ae1e745ddfd4a889674b54a1bf65, type: 3}
      propertyPath: m_LocalRotation.w
      value: 0.024554461
      objectReference: {fileID: 0}
    - target: {fileID: 4568388938284656, guid: e594ae1e745ddfd4a889674b54a1bf65, type: 3}
      propertyPath: m_RootOrder
      value: 19
      objectReference: {fileID: 0}
    - target: {fileID: 4568388938284656, guid: e594ae1e745ddfd4a889674b54a1bf65, type: 3}
      propertyPath: m_LocalScale.x
      value: 1.694387
      objectReference: {fileID: 0}
    - target: {fileID: 4568388938284656, guid: e594ae1e745ddfd4a889674b54a1bf65, type: 3}
      propertyPath: m_LocalScale.y
      value: 1.6943872
      objectReference: {fileID: 0}
    - target: {fileID: 4568388938284656, guid: e594ae1e745ddfd4a889674b54a1bf65, type: 3}
      propertyPath: m_LocalScale.z
      value: 1.6943871
      objectReference: {fileID: 0}
    - target: {fileID: 4568388938284656, guid: e594ae1e745ddfd4a889674b54a1bf65, type: 3}
      propertyPath: m_LocalEulerAnglesHint.y
      value: -79.078
      objectReference: {fileID: 0}
    m_RemovedComponents: []
  m_SourcePrefab: {fileID: 100100000, guid: e594ae1e745ddfd4a889674b54a1bf65, type: 3}
--- !u!4 &8028677114075121438 stripped
Transform:
  m_CorrespondingSourceObject: {fileID: 4568388938284656, guid: e594ae1e745ddfd4a889674b54a1bf65,
    type: 3}
  m_PrefabInstance: {fileID: 8033205266392365422}
  m_PrefabAsset: {fileID: 0}
--- !u!1001 &8033205266466104907
PrefabInstance:
  m_ObjectHideFlags: 0
  serializedVersion: 2
  m_Modification:
    m_TransformParent: {fileID: 7184092862537512228}
    m_Modifications:
    - target: {fileID: 1221755408605318, guid: e594ae1e745ddfd4a889674b54a1bf65, type: 3}
      propertyPath: m_StaticEditorFlags
      value: 4294967295
      objectReference: {fileID: 0}
    - target: {fileID: 1506589585541188, guid: e594ae1e745ddfd4a889674b54a1bf65, type: 3}
      propertyPath: m_Name
      value: prefab_polytope_long_grass01 (16)
      objectReference: {fileID: 0}
    - target: {fileID: 1506589585541188, guid: e594ae1e745ddfd4a889674b54a1bf65, type: 3}
      propertyPath: m_StaticEditorFlags
      value: 4294967295
      objectReference: {fileID: 0}
    - target: {fileID: 4568388938284656, guid: e594ae1e745ddfd4a889674b54a1bf65, type: 3}
      propertyPath: m_LocalPosition.x
      value: -1.71994
      objectReference: {fileID: 0}
    - target: {fileID: 4568388938284656, guid: e594ae1e745ddfd4a889674b54a1bf65, type: 3}
      propertyPath: m_LocalPosition.y
      value: -0.3296286
      objectReference: {fileID: 0}
    - target: {fileID: 4568388938284656, guid: e594ae1e745ddfd4a889674b54a1bf65, type: 3}
      propertyPath: m_LocalPosition.z
      value: 1.4999535
      objectReference: {fileID: 0}
    - target: {fileID: 4568388938284656, guid: e594ae1e745ddfd4a889674b54a1bf65, type: 3}
      propertyPath: m_LocalRotation.x
      value: -0.039802376
      objectReference: {fileID: 0}
    - target: {fileID: 4568388938284656, guid: e594ae1e745ddfd4a889674b54a1bf65, type: 3}
      propertyPath: m_LocalRotation.y
      value: -0.99465597
      objectReference: {fileID: 0}
    - target: {fileID: 4568388938284656, guid: e594ae1e745ddfd4a889674b54a1bf65, type: 3}
      propertyPath: m_LocalRotation.z
      value: -0.09204578
      objectReference: {fileID: 0}
    - target: {fileID: 4568388938284656, guid: e594ae1e745ddfd4a889674b54a1bf65, type: 3}
      propertyPath: m_LocalRotation.w
      value: 0.024554461
      objectReference: {fileID: 0}
    - target: {fileID: 4568388938284656, guid: e594ae1e745ddfd4a889674b54a1bf65, type: 3}
      propertyPath: m_RootOrder
      value: 18
      objectReference: {fileID: 0}
    - target: {fileID: 4568388938284656, guid: e594ae1e745ddfd4a889674b54a1bf65, type: 3}
      propertyPath: m_LocalScale.x
      value: 1.694387
      objectReference: {fileID: 0}
    - target: {fileID: 4568388938284656, guid: e594ae1e745ddfd4a889674b54a1bf65, type: 3}
      propertyPath: m_LocalScale.y
      value: 1.6943872
      objectReference: {fileID: 0}
    - target: {fileID: 4568388938284656, guid: e594ae1e745ddfd4a889674b54a1bf65, type: 3}
      propertyPath: m_LocalScale.z
      value: 1.6943871
      objectReference: {fileID: 0}
    - target: {fileID: 4568388938284656, guid: e594ae1e745ddfd4a889674b54a1bf65, type: 3}
      propertyPath: m_LocalEulerAnglesHint.y
      value: -79.078
      objectReference: {fileID: 0}
    m_RemovedComponents: []
  m_SourcePrefab: {fileID: 100100000, guid: e594ae1e745ddfd4a889674b54a1bf65, type: 3}
--- !u!4 &8028677114001545275 stripped
Transform:
  m_CorrespondingSourceObject: {fileID: 4568388938284656, guid: e594ae1e745ddfd4a889674b54a1bf65,
    type: 3}
  m_PrefabInstance: {fileID: 8033205266466104907}
  m_PrefabAsset: {fileID: 0}
--- !u!1001 &8033205266503983585
PrefabInstance:
  m_ObjectHideFlags: 0
  serializedVersion: 2
  m_Modification:
    m_TransformParent: {fileID: 7184092862537512228}
    m_Modifications:
    - target: {fileID: 1221755408605318, guid: e594ae1e745ddfd4a889674b54a1bf65, type: 3}
      propertyPath: m_StaticEditorFlags
      value: 4294967295
      objectReference: {fileID: 0}
    - target: {fileID: 1506589585541188, guid: e594ae1e745ddfd4a889674b54a1bf65, type: 3}
      propertyPath: m_Name
      value: prefab_polytope_long_grass01 (45)
      objectReference: {fileID: 0}
    - target: {fileID: 1506589585541188, guid: e594ae1e745ddfd4a889674b54a1bf65, type: 3}
      propertyPath: m_StaticEditorFlags
      value: 4294967295
      objectReference: {fileID: 0}
    - target: {fileID: 4568388938284656, guid: e594ae1e745ddfd4a889674b54a1bf65, type: 3}
      propertyPath: m_LocalPosition.x
      value: 1.7761561
      objectReference: {fileID: 0}
    - target: {fileID: 4568388938284656, guid: e594ae1e745ddfd4a889674b54a1bf65, type: 3}
      propertyPath: m_LocalPosition.y
      value: -0.1013879
      objectReference: {fileID: 0}
    - target: {fileID: 4568388938284656, guid: e594ae1e745ddfd4a889674b54a1bf65, type: 3}
      propertyPath: m_LocalPosition.z
      value: 0.19193858
      objectReference: {fileID: 0}
    - target: {fileID: 4568388938284656, guid: e594ae1e745ddfd4a889674b54a1bf65, type: 3}
      propertyPath: m_LocalRotation.x
      value: -0.08775763
      objectReference: {fileID: 0}
    - target: {fileID: 4568388938284656, guid: e594ae1e745ddfd4a889674b54a1bf65, type: 3}
      propertyPath: m_LocalRotation.y
      value: -0.8022953
      objectReference: {fileID: 0}
    - target: {fileID: 4568388938284656, guid: e594ae1e745ddfd4a889674b54a1bf65, type: 3}
      propertyPath: m_LocalRotation.z
      value: -0.04853096
      objectReference: {fileID: 0}
    - target: {fileID: 4568388938284656, guid: e594ae1e745ddfd4a889674b54a1bf65, type: 3}
      propertyPath: m_LocalRotation.w
      value: -0.58844346
      objectReference: {fileID: 0}
    - target: {fileID: 4568388938284656, guid: e594ae1e745ddfd4a889674b54a1bf65, type: 3}
      propertyPath: m_RootOrder
      value: 4
      objectReference: {fileID: 0}
    - target: {fileID: 4568388938284656, guid: e594ae1e745ddfd4a889674b54a1bf65, type: 3}
      propertyPath: m_LocalScale.x
      value: 1.6943904
      objectReference: {fileID: 0}
    - target: {fileID: 4568388938284656, guid: e594ae1e745ddfd4a889674b54a1bf65, type: 3}
      propertyPath: m_LocalScale.y
      value: 1.6943872
      objectReference: {fileID: 0}
    - target: {fileID: 4568388938284656, guid: e594ae1e745ddfd4a889674b54a1bf65, type: 3}
      propertyPath: m_LocalScale.z
      value: 1.6943903
      objectReference: {fileID: 0}
    - target: {fileID: 4568388938284656, guid: e594ae1e745ddfd4a889674b54a1bf65, type: 3}
      propertyPath: m_LocalEulerAnglesHint.y
      value: -154.423
      objectReference: {fileID: 0}
    m_RemovedComponents: []
  m_SourcePrefab: {fileID: 100100000, guid: e594ae1e745ddfd4a889674b54a1bf65, type: 3}
--- !u!4 &8028677113963405201 stripped
Transform:
  m_CorrespondingSourceObject: {fileID: 4568388938284656, guid: e594ae1e745ddfd4a889674b54a1bf65,
    type: 3}
  m_PrefabInstance: {fileID: 8033205266503983585}
  m_PrefabAsset: {fileID: 0}
--- !u!1001 &8033205266624268399
PrefabInstance:
  m_ObjectHideFlags: 0
  serializedVersion: 2
  m_Modification:
    m_TransformParent: {fileID: 7184092862537512228}
    m_Modifications:
    - target: {fileID: 1121570382160826, guid: 6333c71a65334274b9feca9b95cba547, type: 3}
      propertyPath: m_Name
      value: prefab_polytope_rock_small01 (31)
      objectReference: {fileID: 0}
    - target: {fileID: 1121570382160826, guid: 6333c71a65334274b9feca9b95cba547, type: 3}
      propertyPath: m_StaticEditorFlags
      value: 4294967295
      objectReference: {fileID: 0}
    - target: {fileID: 1322881280296470, guid: 6333c71a65334274b9feca9b95cba547, type: 3}
      propertyPath: m_StaticEditorFlags
      value: 4294967295
      objectReference: {fileID: 0}
    - target: {fileID: 4175988654391842, guid: 6333c71a65334274b9feca9b95cba547, type: 3}
      propertyPath: m_LocalPosition.x
      value: 1.9853983
      objectReference: {fileID: 0}
    - target: {fileID: 4175988654391842, guid: 6333c71a65334274b9feca9b95cba547, type: 3}
      propertyPath: m_LocalPosition.y
      value: 0.21507697
      objectReference: {fileID: 0}
    - target: {fileID: 4175988654391842, guid: 6333c71a65334274b9feca9b95cba547, type: 3}
      propertyPath: m_LocalPosition.z
      value: -2.0807154
      objectReference: {fileID: 0}
    - target: {fileID: 4175988654391842, guid: 6333c71a65334274b9feca9b95cba547, type: 3}
      propertyPath: m_LocalRotation.x
      value: -0
      objectReference: {fileID: 0}
    - target: {fileID: 4175988654391842, guid: 6333c71a65334274b9feca9b95cba547, type: 3}
      propertyPath: m_LocalRotation.y
      value: -0
      objectReference: {fileID: 0}
    - target: {fileID: 4175988654391842, guid: 6333c71a65334274b9feca9b95cba547, type: 3}
      propertyPath: m_LocalRotation.z
      value: -0
      objectReference: {fileID: 0}
    - target: {fileID: 4175988654391842, guid: 6333c71a65334274b9feca9b95cba547, type: 3}
      propertyPath: m_LocalRotation.w
      value: 1
      objectReference: {fileID: 0}
    - target: {fileID: 4175988654391842, guid: 6333c71a65334274b9feca9b95cba547, type: 3}
      propertyPath: m_RootOrder
      value: 23
      objectReference: {fileID: 0}
    - target: {fileID: 4175988654391842, guid: 6333c71a65334274b9feca9b95cba547, type: 3}
      propertyPath: m_LocalScale.x
      value: 1
      objectReference: {fileID: 0}
    - target: {fileID: 4175988654391842, guid: 6333c71a65334274b9feca9b95cba547, type: 3}
      propertyPath: m_LocalScale.y
      value: 1
      objectReference: {fileID: 0}
    - target: {fileID: 4175988654391842, guid: 6333c71a65334274b9feca9b95cba547, type: 3}
      propertyPath: m_LocalScale.z
      value: 1
      objectReference: {fileID: 0}
    - target: {fileID: 4175988654391842, guid: 6333c71a65334274b9feca9b95cba547, type: 3}
      propertyPath: m_LocalEulerAnglesHint.y
      value: 97.647
      objectReference: {fileID: 0}
    - target: {fileID: 4175988654391842, guid: 6333c71a65334274b9feca9b95cba547, type: 3}
      propertyPath: m_LocalEulerAnglesHint.x
      value: -10.437
      objectReference: {fileID: 0}
    - target: {fileID: 4175988654391842, guid: 6333c71a65334274b9feca9b95cba547, type: 3}
      propertyPath: m_LocalEulerAnglesHint.z
      value: 4.8820004
      objectReference: {fileID: 0}
    m_RemovedComponents: []
  m_SourcePrefab: {fileID: 100100000, guid: 6333c71a65334274b9feca9b95cba547, type: 3}
--- !u!4 &8031461484665702989 stripped
Transform:
  m_CorrespondingSourceObject: {fileID: 4175988654391842, guid: 6333c71a65334274b9feca9b95cba547,
    type: 3}
  m_PrefabInstance: {fileID: 8033205266624268399}
  m_PrefabAsset: {fileID: 0}
--- !u!1001 &8033205266764716097
PrefabInstance:
  m_ObjectHideFlags: 0
  serializedVersion: 2
  m_Modification:
    m_TransformParent: {fileID: 7184092862537512228}
    m_Modifications:
    - target: {fileID: 1325742668149948, guid: 2053e594d1a0e3f418b72a29ca0a17de, type: 3}
      propertyPath: m_StaticEditorFlags
      value: 4294967295
      objectReference: {fileID: 0}
    - target: {fileID: 1325742668149948, guid: 2053e594d1a0e3f418b72a29ca0a17de, type: 3}
      propertyPath: m_Layer
      value: 9
      objectReference: {fileID: 0}
    - target: {fileID: 1502984122056604, guid: 2053e594d1a0e3f418b72a29ca0a17de, type: 3}
      propertyPath: m_Name
      value: prefab_polytope_plant03 (4)
      objectReference: {fileID: 0}
    - target: {fileID: 1502984122056604, guid: 2053e594d1a0e3f418b72a29ca0a17de, type: 3}
      propertyPath: m_StaticEditorFlags
      value: 4294967295
      objectReference: {fileID: 0}
    - target: {fileID: 1502984122056604, guid: 2053e594d1a0e3f418b72a29ca0a17de, type: 3}
      propertyPath: m_Layer
      value: 9
      objectReference: {fileID: 0}
    - target: {fileID: 4809264340546142, guid: 2053e594d1a0e3f418b72a29ca0a17de, type: 3}
      propertyPath: m_LocalPosition.x
      value: 3.0263
      objectReference: {fileID: 0}
    - target: {fileID: 4809264340546142, guid: 2053e594d1a0e3f418b72a29ca0a17de, type: 3}
      propertyPath: m_LocalPosition.y
      value: -0.5176149
      objectReference: {fileID: 0}
    - target: {fileID: 4809264340546142, guid: 2053e594d1a0e3f418b72a29ca0a17de, type: 3}
      propertyPath: m_LocalPosition.z
      value: 4.1005464
      objectReference: {fileID: 0}
    - target: {fileID: 4809264340546142, guid: 2053e594d1a0e3f418b72a29ca0a17de, type: 3}
      propertyPath: m_LocalRotation.x
      value: 0.010489086
      objectReference: {fileID: 0}
    - target: {fileID: 4809264340546142, guid: 2053e594d1a0e3f418b72a29ca0a17de, type: 3}
      propertyPath: m_LocalRotation.y
      value: -0.9519884
      objectReference: {fileID: 0}
    - target: {fileID: 4809264340546142, guid: 2053e594d1a0e3f418b72a29ca0a17de, type: 3}
      propertyPath: m_LocalRotation.z
      value: -0.20004264
      objectReference: {fileID: 0}
    - target: {fileID: 4809264340546142, guid: 2053e594d1a0e3f418b72a29ca0a17de, type: 3}
      propertyPath: m_LocalRotation.w
      value: 0.23149765
      objectReference: {fileID: 0}
    - target: {fileID: 4809264340546142, guid: 2053e594d1a0e3f418b72a29ca0a17de, type: 3}
      propertyPath: m_RootOrder
      value: 12
      objectReference: {fileID: 0}
    - target: {fileID: 4809264340546142, guid: 2053e594d1a0e3f418b72a29ca0a17de, type: 3}
      propertyPath: m_LocalScale.x
      value: 1.6862764
      objectReference: {fileID: 0}
    - target: {fileID: 4809264340546142, guid: 2053e594d1a0e3f418b72a29ca0a17de, type: 3}
      propertyPath: m_LocalScale.y
      value: 1.6862764
      objectReference: {fileID: 0}
    - target: {fileID: 4809264340546142, guid: 2053e594d1a0e3f418b72a29ca0a17de, type: 3}
      propertyPath: m_LocalScale.z
      value: 1.6862766
      objectReference: {fileID: 0}
    - target: {fileID: 4809264340546142, guid: 2053e594d1a0e3f418b72a29ca0a17de, type: 3}
      propertyPath: m_LocalEulerAnglesHint.y
      value: -53.432003
      objectReference: {fileID: 0}
    - target: {fileID: 4809264340546142, guid: 2053e594d1a0e3f418b72a29ca0a17de, type: 3}
      propertyPath: m_LocalEulerAnglesHint.x
      value: -10.601001
      objectReference: {fileID: 0}
    - target: {fileID: 4809264340546142, guid: 2053e594d1a0e3f418b72a29ca0a17de, type: 3}
      propertyPath: m_LocalEulerAnglesHint.z
      value: -6.188
      objectReference: {fileID: 0}
    m_RemovedComponents: []
  m_SourcePrefab: {fileID: 100100000, guid: 2053e594d1a0e3f418b72a29ca0a17de, type: 3}
--- !u!4 &8028435584863758879 stripped
Transform:
  m_CorrespondingSourceObject: {fileID: 4809264340546142, guid: 2053e594d1a0e3f418b72a29ca0a17de,
    type: 3}
  m_PrefabInstance: {fileID: 8033205266764716097}
  m_PrefabAsset: {fileID: 0}
--- !u!1001 &8033205266772149982
PrefabInstance:
  m_ObjectHideFlags: 0
  serializedVersion: 2
  m_Modification:
    m_TransformParent: {fileID: 7184092862537512228}
    m_Modifications:
    - target: {fileID: 1325742668149948, guid: 2053e594d1a0e3f418b72a29ca0a17de, type: 3}
      propertyPath: m_StaticEditorFlags
      value: 4294967295
      objectReference: {fileID: 0}
    - target: {fileID: 1325742668149948, guid: 2053e594d1a0e3f418b72a29ca0a17de, type: 3}
      propertyPath: m_Layer
      value: 9
      objectReference: {fileID: 0}
    - target: {fileID: 1502984122056604, guid: 2053e594d1a0e3f418b72a29ca0a17de, type: 3}
      propertyPath: m_Name
      value: prefab_polytope_plant03 (3)
      objectReference: {fileID: 0}
    - target: {fileID: 1502984122056604, guid: 2053e594d1a0e3f418b72a29ca0a17de, type: 3}
      propertyPath: m_StaticEditorFlags
      value: 4294967295
      objectReference: {fileID: 0}
    - target: {fileID: 1502984122056604, guid: 2053e594d1a0e3f418b72a29ca0a17de, type: 3}
      propertyPath: m_Layer
      value: 9
      objectReference: {fileID: 0}
    - target: {fileID: 4809264340546142, guid: 2053e594d1a0e3f418b72a29ca0a17de, type: 3}
      propertyPath: m_LocalPosition.x
      value: 4.2327557
      objectReference: {fileID: 0}
    - target: {fileID: 4809264340546142, guid: 2053e594d1a0e3f418b72a29ca0a17de, type: 3}
      propertyPath: m_LocalPosition.y
      value: -0.23725492
      objectReference: {fileID: 0}
    - target: {fileID: 4809264340546142, guid: 2053e594d1a0e3f418b72a29ca0a17de, type: 3}
      propertyPath: m_LocalPosition.z
      value: 0.83650553
      objectReference: {fileID: 0}
    - target: {fileID: 4809264340546142, guid: 2053e594d1a0e3f418b72a29ca0a17de, type: 3}
      propertyPath: m_LocalRotation.x
      value: -0.1724008
      objectReference: {fileID: 0}
    - target: {fileID: 4809264340546142, guid: 2053e594d1a0e3f418b72a29ca0a17de, type: 3}
      propertyPath: m_LocalRotation.y
      value: -0.9271716
      objectReference: {fileID: 0}
    - target: {fileID: 4809264340546142, guid: 2053e594d1a0e3f418b72a29ca0a17de, type: 3}
      propertyPath: m_LocalRotation.z
      value: -0.22318193
      objectReference: {fileID: 0}
    - target: {fileID: 4809264340546142, guid: 2053e594d1a0e3f418b72a29ca0a17de, type: 3}
      propertyPath: m_LocalRotation.w
      value: 0.24661863
      objectReference: {fileID: 0}
    - target: {fileID: 4809264340546142, guid: 2053e594d1a0e3f418b72a29ca0a17de, type: 3}
      propertyPath: m_RootOrder
      value: 11
      objectReference: {fileID: 0}
    - target: {fileID: 4809264340546142, guid: 2053e594d1a0e3f418b72a29ca0a17de, type: 3}
      propertyPath: m_LocalScale.x
      value: 1.6862764
      objectReference: {fileID: 0}
    - target: {fileID: 4809264340546142, guid: 2053e594d1a0e3f418b72a29ca0a17de, type: 3}
      propertyPath: m_LocalScale.y
      value: 1.6862758
      objectReference: {fileID: 0}
    - target: {fileID: 4809264340546142, guid: 2053e594d1a0e3f418b72a29ca0a17de, type: 3}
      propertyPath: m_LocalScale.z
      value: 1.6862766
      objectReference: {fileID: 0}
    - target: {fileID: 4809264340546142, guid: 2053e594d1a0e3f418b72a29ca0a17de, type: 3}
      propertyPath: m_LocalEulerAnglesHint.y
      value: -55.981003
      objectReference: {fileID: 0}
    - target: {fileID: 4809264340546142, guid: 2053e594d1a0e3f418b72a29ca0a17de, type: 3}
      propertyPath: m_LocalEulerAnglesHint.x
      value: -18.418001
      objectReference: {fileID: 0}
    - target: {fileID: 4809264340546142, guid: 2053e594d1a0e3f418b72a29ca0a17de, type: 3}
      propertyPath: m_LocalEulerAnglesHint.z
      value: 14.2560005
      objectReference: {fileID: 0}
    m_RemovedComponents: []
  m_SourcePrefab: {fileID: 100100000, guid: 2053e594d1a0e3f418b72a29ca0a17de, type: 3}
--- !u!4 &8028435584855209088 stripped
Transform:
  m_CorrespondingSourceObject: {fileID: 4809264340546142, guid: 2053e594d1a0e3f418b72a29ca0a17de,
    type: 3}
  m_PrefabInstance: {fileID: 8033205266772149982}
  m_PrefabAsset: {fileID: 0}
--- !u!1001 &8033205266781072802
PrefabInstance:
  m_ObjectHideFlags: 0
  serializedVersion: 2
  m_Modification:
    m_TransformParent: {fileID: 7184092862537512228}
    m_Modifications:
    - target: {fileID: 1121570382160826, guid: 6333c71a65334274b9feca9b95cba547, type: 3}
      propertyPath: m_Name
      value: prefab_polytope_rock_small01 (45)
      objectReference: {fileID: 0}
    - target: {fileID: 1121570382160826, guid: 6333c71a65334274b9feca9b95cba547, type: 3}
      propertyPath: m_StaticEditorFlags
      value: 4294967295
      objectReference: {fileID: 0}
    - target: {fileID: 1322881280296470, guid: 6333c71a65334274b9feca9b95cba547, type: 3}
      propertyPath: m_StaticEditorFlags
      value: 4294967295
      objectReference: {fileID: 0}
    - target: {fileID: 4175988654391842, guid: 6333c71a65334274b9feca9b95cba547, type: 3}
      propertyPath: m_LocalPosition.x
      value: 2.0395339
      objectReference: {fileID: 0}
    - target: {fileID: 4175988654391842, guid: 6333c71a65334274b9feca9b95cba547, type: 3}
      propertyPath: m_LocalPosition.y
      value: -1.8652008
      objectReference: {fileID: 0}
    - target: {fileID: 4175988654391842, guid: 6333c71a65334274b9feca9b95cba547, type: 3}
      propertyPath: m_LocalPosition.z
      value: 9.503237
      objectReference: {fileID: 0}
    - target: {fileID: 4175988654391842, guid: 6333c71a65334274b9feca9b95cba547, type: 3}
      propertyPath: m_LocalRotation.x
      value: 0.036864474
      objectReference: {fileID: 0}
    - target: {fileID: 4175988654391842, guid: 6333c71a65334274b9feca9b95cba547, type: 3}
      propertyPath: m_LocalRotation.y
      value: -0.5532743
      objectReference: {fileID: 0}
    - target: {fileID: 4175988654391842, guid: 6333c71a65334274b9feca9b95cba547, type: 3}
      propertyPath: m_LocalRotation.z
      value: -0.028494362
      objectReference: {fileID: 0}
    - target: {fileID: 4175988654391842, guid: 6333c71a65334274b9feca9b95cba547, type: 3}
      propertyPath: m_LocalRotation.w
      value: 0.83169514
      objectReference: {fileID: 0}
    - target: {fileID: 4175988654391842, guid: 6333c71a65334274b9feca9b95cba547, type: 3}
      propertyPath: m_RootOrder
      value: 8
      objectReference: {fileID: 0}
    - target: {fileID: 4175988654391842, guid: 6333c71a65334274b9feca9b95cba547, type: 3}
      propertyPath: m_LocalScale.x
      value: 0.65521014
      objectReference: {fileID: 0}
    - target: {fileID: 4175988654391842, guid: 6333c71a65334274b9feca9b95cba547, type: 3}
      propertyPath: m_LocalScale.y
      value: 0.65520984
      objectReference: {fileID: 0}
    - target: {fileID: 4175988654391842, guid: 6333c71a65334274b9feca9b95cba547, type: 3}
      propertyPath: m_LocalScale.z
      value: 0.6552104
      objectReference: {fileID: 0}
    - target: {fileID: 4175988654391842, guid: 6333c71a65334274b9feca9b95cba547, type: 3}
      propertyPath: m_LocalEulerAnglesHint.y
      value: 31.135002
      objectReference: {fileID: 0}
    - target: {fileID: 4175988654391842, guid: 6333c71a65334274b9feca9b95cba547, type: 3}
      propertyPath: m_LocalEulerAnglesHint.x
      value: 2.1000001
      objectReference: {fileID: 0}
    - target: {fileID: 4175988654391842, guid: 6333c71a65334274b9feca9b95cba547, type: 3}
      propertyPath: m_LocalEulerAnglesHint.z
      value: 6.4490004
      objectReference: {fileID: 0}
    m_RemovedComponents: []
  m_SourcePrefab: {fileID: 100100000, guid: 6333c71a65334274b9feca9b95cba547, type: 3}
--- !u!4 &8031461484823097216 stripped
Transform:
  m_CorrespondingSourceObject: {fileID: 4175988654391842, guid: 6333c71a65334274b9feca9b95cba547,
    type: 3}
  m_PrefabInstance: {fileID: 8033205266781072802}
  m_PrefabAsset: {fileID: 0}
--- !u!1001 &8033205266927255930
PrefabInstance:
  m_ObjectHideFlags: 0
  serializedVersion: 2
  m_Modification:
    m_TransformParent: {fileID: 7184092862537512228}
    m_Modifications:
    - target: {fileID: 1325742668149948, guid: 2053e594d1a0e3f418b72a29ca0a17de, type: 3}
      propertyPath: m_StaticEditorFlags
      value: 4294967295
      objectReference: {fileID: 0}
    - target: {fileID: 1325742668149948, guid: 2053e594d1a0e3f418b72a29ca0a17de, type: 3}
      propertyPath: m_Layer
      value: 9
      objectReference: {fileID: 0}
    - target: {fileID: 1502984122056604, guid: 2053e594d1a0e3f418b72a29ca0a17de, type: 3}
      propertyPath: m_Name
      value: prefab_polytope_plant03 (2)
      objectReference: {fileID: 0}
    - target: {fileID: 1502984122056604, guid: 2053e594d1a0e3f418b72a29ca0a17de, type: 3}
      propertyPath: m_StaticEditorFlags
      value: 4294967295
      objectReference: {fileID: 0}
    - target: {fileID: 1502984122056604, guid: 2053e594d1a0e3f418b72a29ca0a17de, type: 3}
      propertyPath: m_Layer
      value: 9
      objectReference: {fileID: 0}
    - target: {fileID: 4809264340546142, guid: 2053e594d1a0e3f418b72a29ca0a17de, type: 3}
      propertyPath: m_LocalPosition.x
      value: 5.3377824
      objectReference: {fileID: 0}
    - target: {fileID: 4809264340546142, guid: 2053e594d1a0e3f418b72a29ca0a17de, type: 3}
      propertyPath: m_LocalPosition.y
      value: -0.7261317
      objectReference: {fileID: 0}
    - target: {fileID: 4809264340546142, guid: 2053e594d1a0e3f418b72a29ca0a17de, type: 3}
      propertyPath: m_LocalPosition.z
      value: 2.877624
      objectReference: {fileID: 0}
    - target: {fileID: 4809264340546142, guid: 2053e594d1a0e3f418b72a29ca0a17de, type: 3}
      propertyPath: m_LocalRotation.x
      value: -0.0018620603
      objectReference: {fileID: 0}
    - target: {fileID: 4809264340546142, guid: 2053e594d1a0e3f418b72a29ca0a17de, type: 3}
      propertyPath: m_LocalRotation.y
      value: -0.9396542
      objectReference: {fileID: 0}
    - target: {fileID: 4809264340546142, guid: 2053e594d1a0e3f418b72a29ca0a17de, type: 3}
      propertyPath: m_LocalRotation.z
      value: -0.043393157
      objectReference: {fileID: 0}
    - target: {fileID: 4809264340546142, guid: 2053e594d1a0e3f418b72a29ca0a17de, type: 3}
      propertyPath: m_LocalRotation.w
      value: 0.33935782
      objectReference: {fileID: 0}
    - target: {fileID: 4809264340546142, guid: 2053e594d1a0e3f418b72a29ca0a17de, type: 3}
      propertyPath: m_RootOrder
      value: 10
      objectReference: {fileID: 0}
    - target: {fileID: 4809264340546142, guid: 2053e594d1a0e3f418b72a29ca0a17de, type: 3}
      propertyPath: m_LocalScale.x
      value: 1.6862768
      objectReference: {fileID: 0}
    - target: {fileID: 4809264340546142, guid: 2053e594d1a0e3f418b72a29ca0a17de, type: 3}
      propertyPath: m_LocalScale.y
      value: 1.6862766
      objectReference: {fileID: 0}
    - target: {fileID: 4809264340546142, guid: 2053e594d1a0e3f418b72a29ca0a17de, type: 3}
      propertyPath: m_LocalScale.z
      value: 1.6862763
      objectReference: {fileID: 0}
    - target: {fileID: 4809264340546142, guid: 2053e594d1a0e3f418b72a29ca0a17de, type: 3}
      propertyPath: m_LocalEulerAnglesHint.y
      value: -42.088
      objectReference: {fileID: 0}
    - target: {fileID: 4809264340546142, guid: 2053e594d1a0e3f418b72a29ca0a17de, type: 3}
      propertyPath: m_LocalEulerAnglesHint.x
      value: 6.3710003
      objectReference: {fileID: 0}
    - target: {fileID: 4809264340546142, guid: 2053e594d1a0e3f418b72a29ca0a17de, type: 3}
      propertyPath: m_LocalEulerAnglesHint.z
      value: 1.4820001
      objectReference: {fileID: 0}
    m_RemovedComponents: []
  m_SourcePrefab: {fileID: 100100000, guid: 2053e594d1a0e3f418b72a29ca0a17de, type: 3}
--- !u!4 &8028435585810641700 stripped
Transform:
  m_CorrespondingSourceObject: {fileID: 4809264340546142, guid: 2053e594d1a0e3f418b72a29ca0a17de,
    type: 3}
  m_PrefabInstance: {fileID: 8033205266927255930}
  m_PrefabAsset: {fileID: 0}
--- !u!1001 &8033205266956609947
PrefabInstance:
  m_ObjectHideFlags: 0
  serializedVersion: 2
  m_Modification:
    m_TransformParent: {fileID: 7184092862537512228}
    m_Modifications:
    - target: {fileID: 1121570382160826, guid: 6333c71a65334274b9feca9b95cba547, type: 3}
      propertyPath: m_Name
      value: prefab_polytope_rock_small01 (42)
      objectReference: {fileID: 0}
    - target: {fileID: 1121570382160826, guid: 6333c71a65334274b9feca9b95cba547, type: 3}
      propertyPath: m_StaticEditorFlags
      value: 4294967295
      objectReference: {fileID: 0}
    - target: {fileID: 1322881280296470, guid: 6333c71a65334274b9feca9b95cba547, type: 3}
      propertyPath: m_StaticEditorFlags
      value: 4294967295
      objectReference: {fileID: 0}
    - target: {fileID: 4175988654391842, guid: 6333c71a65334274b9feca9b95cba547, type: 3}
      propertyPath: m_LocalPosition.x
      value: 0
      objectReference: {fileID: 0}
    - target: {fileID: 4175988654391842, guid: 6333c71a65334274b9feca9b95cba547, type: 3}
      propertyPath: m_LocalPosition.y
      value: 0
      objectReference: {fileID: 0}
    - target: {fileID: 4175988654391842, guid: 6333c71a65334274b9feca9b95cba547, type: 3}
      propertyPath: m_LocalPosition.z
      value: 0
      objectReference: {fileID: 0}
    - target: {fileID: 4175988654391842, guid: 6333c71a65334274b9feca9b95cba547, type: 3}
      propertyPath: m_LocalRotation.x
      value: -0
      objectReference: {fileID: 0}
    - target: {fileID: 4175988654391842, guid: 6333c71a65334274b9feca9b95cba547, type: 3}
      propertyPath: m_LocalRotation.y
      value: -0
      objectReference: {fileID: 0}
    - target: {fileID: 4175988654391842, guid: 6333c71a65334274b9feca9b95cba547, type: 3}
      propertyPath: m_LocalRotation.z
      value: -0
      objectReference: {fileID: 0}
    - target: {fileID: 4175988654391842, guid: 6333c71a65334274b9feca9b95cba547, type: 3}
      propertyPath: m_LocalRotation.w
      value: 1
      objectReference: {fileID: 0}
    - target: {fileID: 4175988654391842, guid: 6333c71a65334274b9feca9b95cba547, type: 3}
      propertyPath: m_RootOrder
      value: 0
      objectReference: {fileID: 0}
    - target: {fileID: 4175988654391842, guid: 6333c71a65334274b9feca9b95cba547, type: 3}
      propertyPath: m_LocalScale.x
      value: 1
      objectReference: {fileID: 0}
    - target: {fileID: 4175988654391842, guid: 6333c71a65334274b9feca9b95cba547, type: 3}
      propertyPath: m_LocalScale.y
      value: 1
      objectReference: {fileID: 0}
    - target: {fileID: 4175988654391842, guid: 6333c71a65334274b9feca9b95cba547, type: 3}
      propertyPath: m_LocalScale.z
      value: 1
      objectReference: {fileID: 0}
    - target: {fileID: 4175988654391842, guid: 6333c71a65334274b9feca9b95cba547, type: 3}
      propertyPath: m_LocalEulerAnglesHint.y
      value: 97.647
      objectReference: {fileID: 0}
    - target: {fileID: 4175988654391842, guid: 6333c71a65334274b9feca9b95cba547, type: 3}
      propertyPath: m_LocalEulerAnglesHint.x
      value: -10.437
      objectReference: {fileID: 0}
    - target: {fileID: 4175988654391842, guid: 6333c71a65334274b9feca9b95cba547, type: 3}
      propertyPath: m_LocalEulerAnglesHint.z
      value: 4.8820004
      objectReference: {fileID: 0}
    m_RemovedComponents: []
  m_SourcePrefab: {fileID: 100100000, guid: 6333c71a65334274b9feca9b95cba547, type: 3}
--- !u!4 &8031461483930594233 stripped
Transform:
  m_CorrespondingSourceObject: {fileID: 4175988654391842, guid: 6333c71a65334274b9feca9b95cba547,
    type: 3}
  m_PrefabInstance: {fileID: 8033205266956609947}
  m_PrefabAsset: {fileID: 0}
--- !u!1001 &8033205267200696061
PrefabInstance:
  m_ObjectHideFlags: 0
  serializedVersion: 2
  m_Modification:
    m_TransformParent: {fileID: 7184092862537512228}
    m_Modifications:
    - target: {fileID: 1121570382160826, guid: 6333c71a65334274b9feca9b95cba547, type: 3}
      propertyPath: m_Name
      value: prefab_polytope_rock_small01 (30)
      objectReference: {fileID: 0}
    - target: {fileID: 1121570382160826, guid: 6333c71a65334274b9feca9b95cba547, type: 3}
      propertyPath: m_StaticEditorFlags
      value: 4294967295
      objectReference: {fileID: 0}
    - target: {fileID: 1322881280296470, guid: 6333c71a65334274b9feca9b95cba547, type: 3}
      propertyPath: m_StaticEditorFlags
      value: 4294967295
      objectReference: {fileID: 0}
    - target: {fileID: 4175988654391842, guid: 6333c71a65334274b9feca9b95cba547, type: 3}
      propertyPath: m_LocalPosition.x
      value: 5.0525355
      objectReference: {fileID: 0}
    - target: {fileID: 4175988654391842, guid: 6333c71a65334274b9feca9b95cba547, type: 3}
      propertyPath: m_LocalPosition.y
      value: -0.9491201
      objectReference: {fileID: 0}
    - target: {fileID: 4175988654391842, guid: 6333c71a65334274b9feca9b95cba547, type: 3}
      propertyPath: m_LocalPosition.z
      value: 2.2677433
      objectReference: {fileID: 0}
    - target: {fileID: 4175988654391842, guid: 6333c71a65334274b9feca9b95cba547, type: 3}
      propertyPath: m_LocalRotation.x
      value: -0
      objectReference: {fileID: 0}
    - target: {fileID: 4175988654391842, guid: 6333c71a65334274b9feca9b95cba547, type: 3}
      propertyPath: m_LocalRotation.y
      value: -0
      objectReference: {fileID: 0}
    - target: {fileID: 4175988654391842, guid: 6333c71a65334274b9feca9b95cba547, type: 3}
      propertyPath: m_LocalRotation.z
      value: -0
      objectReference: {fileID: 0}
    - target: {fileID: 4175988654391842, guid: 6333c71a65334274b9feca9b95cba547, type: 3}
      propertyPath: m_LocalRotation.w
      value: 1
      objectReference: {fileID: 0}
    - target: {fileID: 4175988654391842, guid: 6333c71a65334274b9feca9b95cba547, type: 3}
      propertyPath: m_RootOrder
      value: 22
      objectReference: {fileID: 0}
    - target: {fileID: 4175988654391842, guid: 6333c71a65334274b9feca9b95cba547, type: 3}
      propertyPath: m_LocalScale.x
      value: 1
      objectReference: {fileID: 0}
    - target: {fileID: 4175988654391842, guid: 6333c71a65334274b9feca9b95cba547, type: 3}
      propertyPath: m_LocalScale.y
      value: 1
      objectReference: {fileID: 0}
    - target: {fileID: 4175988654391842, guid: 6333c71a65334274b9feca9b95cba547, type: 3}
      propertyPath: m_LocalScale.z
      value: 1
      objectReference: {fileID: 0}
    - target: {fileID: 4175988654391842, guid: 6333c71a65334274b9feca9b95cba547, type: 3}
      propertyPath: m_LocalEulerAnglesHint.y
      value: 97.647
      objectReference: {fileID: 0}
    - target: {fileID: 4175988654391842, guid: 6333c71a65334274b9feca9b95cba547, type: 3}
      propertyPath: m_LocalEulerAnglesHint.x
      value: -10.437
      objectReference: {fileID: 0}
    - target: {fileID: 4175988654391842, guid: 6333c71a65334274b9feca9b95cba547, type: 3}
      propertyPath: m_LocalEulerAnglesHint.z
      value: 4.8820004
      objectReference: {fileID: 0}
    m_RemovedComponents: []
  m_SourcePrefab: {fileID: 100100000, guid: 6333c71a65334274b9feca9b95cba547, type: 3}
--- !u!4 &8031461484168977631 stripped
Transform:
  m_CorrespondingSourceObject: {fileID: 4175988654391842, guid: 6333c71a65334274b9feca9b95cba547,
    type: 3}
  m_PrefabInstance: {fileID: 8033205267200696061}
  m_PrefabAsset: {fileID: 0}
--- !u!1001 &8033205267210890715
PrefabInstance:
  m_ObjectHideFlags: 0
  serializedVersion: 2
  m_Modification:
    m_TransformParent: {fileID: 7184092862537512228}
    m_Modifications:
    - target: {fileID: 1105063407339076, guid: 25229daf4b8984e47877d38481dfbf68, type: 3}
      propertyPath: m_StaticEditorFlags
      value: 4294967295
      objectReference: {fileID: 0}
    - target: {fileID: 1105063407339076, guid: 25229daf4b8984e47877d38481dfbf68, type: 3}
      propertyPath: m_Layer
      value: 9
      objectReference: {fileID: 0}
    - target: {fileID: 1887060546145370, guid: 25229daf4b8984e47877d38481dfbf68, type: 3}
      propertyPath: m_Name
      value: prefab_polytope_plant01 (9)
      objectReference: {fileID: 0}
    - target: {fileID: 1887060546145370, guid: 25229daf4b8984e47877d38481dfbf68, type: 3}
      propertyPath: m_StaticEditorFlags
      value: 4294967295
      objectReference: {fileID: 0}
    - target: {fileID: 1887060546145370, guid: 25229daf4b8984e47877d38481dfbf68, type: 3}
      propertyPath: m_Layer
      value: 9
      objectReference: {fileID: 0}
    - target: {fileID: 4005040062558810, guid: 25229daf4b8984e47877d38481dfbf68, type: 3}
      propertyPath: m_LocalPosition.x
      value: 2.2843542
      objectReference: {fileID: 0}
    - target: {fileID: 4005040062558810, guid: 25229daf4b8984e47877d38481dfbf68, type: 3}
      propertyPath: m_LocalPosition.y
      value: 0.100750014
      objectReference: {fileID: 0}
    - target: {fileID: 4005040062558810, guid: 25229daf4b8984e47877d38481dfbf68, type: 3}
      propertyPath: m_LocalPosition.z
      value: 2.137549
      objectReference: {fileID: 0}
    - target: {fileID: 4005040062558810, guid: 25229daf4b8984e47877d38481dfbf68, type: 3}
      propertyPath: m_LocalRotation.x
      value: 0.00596927
      objectReference: {fileID: 0}
    - target: {fileID: 4005040062558810, guid: 25229daf4b8984e47877d38481dfbf68, type: 3}
      propertyPath: m_LocalRotation.y
      value: -0.67277014
      objectReference: {fileID: 0}
    - target: {fileID: 4005040062558810, guid: 25229daf4b8984e47877d38481dfbf68, type: 3}
      propertyPath: m_LocalRotation.z
      value: -0.17567235
      objectReference: {fileID: 0}
    - target: {fileID: 4005040062558810, guid: 25229daf4b8984e47877d38481dfbf68, type: 3}
      propertyPath: m_LocalRotation.w
      value: 0.71866816
      objectReference: {fileID: 0}
    - target: {fileID: 4005040062558810, guid: 25229daf4b8984e47877d38481dfbf68, type: 3}
      propertyPath: m_RootOrder
      value: 25
      objectReference: {fileID: 0}
    - target: {fileID: 4005040062558810, guid: 25229daf4b8984e47877d38481dfbf68, type: 3}
      propertyPath: m_LocalEulerAnglesHint.x
      value: -9.1640005
      objectReference: {fileID: 0}
    - target: {fileID: 4005040062558810, guid: 25229daf4b8984e47877d38481dfbf68, type: 3}
      propertyPath: m_LocalEulerAnglesHint.y
      value: 11.536
      objectReference: {fileID: 0}
    - target: {fileID: 4005040062558810, guid: 25229daf4b8984e47877d38481dfbf68, type: 3}
      propertyPath: m_LocalEulerAnglesHint.z
      value: -4.5160003
      objectReference: {fileID: 0}
    - target: {fileID: 4005040062558810, guid: 25229daf4b8984e47877d38481dfbf68, type: 3}
      propertyPath: m_LocalScale.x
      value: 0.97619313
      objectReference: {fileID: 0}
    - target: {fileID: 4005040062558810, guid: 25229daf4b8984e47877d38481dfbf68, type: 3}
      propertyPath: m_LocalScale.y
      value: 0.9761934
      objectReference: {fileID: 0}
    - target: {fileID: 4005040062558810, guid: 25229daf4b8984e47877d38481dfbf68, type: 3}
      propertyPath: m_LocalScale.z
      value: 0.9761929
      objectReference: {fileID: 0}
    m_RemovedComponents: []
  m_SourcePrefab: {fileID: 100100000, guid: 25229daf4b8984e47877d38481dfbf68, type: 3}
--- !u!4 &8031491747091292033 stripped
Transform:
  m_CorrespondingSourceObject: {fileID: 4005040062558810, guid: 25229daf4b8984e47877d38481dfbf68,
    type: 3}
  m_PrefabInstance: {fileID: 8033205267210890715}
  m_PrefabAsset: {fileID: 0}
